{"tid": 2181410, "date": 1626318018, "type": "sell", "price": 2390.01, "amount": 0.06273613}
{"tid": 2181411, "date": 1626318018, "type": "sell", "price": 2390, "amount": 10}
{"tid": 2181412, "date": 1626318018, "type": "sell", "price": 2390, "amount": 0.29496387}
{"tid": 2181413, "date": 1626318026, "type": "sell", "price": 2390, "amount": 1.52e-05}
{"tid": 2181414, "date": 1626318026, "type": "sell", "price": 2387, "amount": 0.0010848}
{"tid": 2181415, "date": 1626318144, "type": "sell", "price": 2387, "amount": 2.62e-05}
{"tid": 2181416, "date": 1626318226, "type": "buy", "price": 2386.55951, "amount": 4.16696878}
{"tid": 2181417, "date": 1626318459, "type": "sell", "price": 2380.00004, "amount": 0.01519104}
{"tid": 2181418, "date": 1626318530, "type": "buy", "price": 2392.08172, "amount": 0.20906894}
{"tid": 2181419, "date": 1626318730, "type": "buy", "price": 2381.6598, "amount": 0.01437}
{"tid": 2181420, "date": 1626318730, "type": "buy", "price": 2389.22614, "amount": 0.2786574}
{"tid": 2181421, "date": 1626318786, "type": "sell", "price": 2380.00004, "amount": 0.04584201}
{"tid": 2181422, "date": 1626318938, "type": "buy", "price": 2384.4817, "amount": 0.00419378}
{"tid": 2181423, "date": 1626319308, "type": "sell", "price": 2380, "amount": 0.5983}
{"tid": 2181424, "date": 1626319315, "type": "sell", "price": 2380, "amount": 1.932e-05}
{"tid": 2181425, "date": 1626319844, "type": "sell", "price": 2351.59019, "amount": 0.03}
{"tid": 2181426, "date": 1626319862, "type": "sell", "price": 2351.59019, "amount": 0.02}
{"tid": 2181427, "date": 1626319872, "type": "buy", "price": 2384.11323, "amount": 0.01467806}
{"tid": 2181428, "date": 1626319918, "type": "buy", "price": 2383.81034, "amount": 0.0489804}
{"tid": 2181429, "date": 1626320247, "type": "sell", "price": 2350.00021, "amount": 0.8811356}
{"tid": 2181430, "date": 1626320362, "type": "buy", "price": 2379.25651, "amount": 0.02101496}
{"tid": 2181431, "date": 1626320555, "type": "buy", "price": 2377.68697, "amount": 0.00630865}
{"tid": 2181432, "date": 1626320576, "type": "sell", "price": 2350.01089, "amount": 0.00574402}
{"tid": 2181433, "date": 1626321137, "type": "sell", "price": 2350.00101, "amount": 0.00440506}
{"tid": 2181434, "date": 1626321413, "type": "sell", "price": 2350.01011, "amount": 0.03630836}
{"tid": 2181435, "date": 1626321530, "type": "sell", "price": 2350.00001, "amount": 0.0444371}
{"tid": 2181436, "date": 1626321584, "type": "buy", "price": 2350.01, "amount": 0.02233663}
{"tid": 2181437, "date": 1626321629, "type": "sell", "price": 2350.01015, "amount": 0.01417676}
{"tid": 2181438, "date": 1626322012, "type": "sell", "price": 2350.01, "amount": 0.00442771}
{"tid": 2181439, "date": 1626322088, "type": "sell", "price": 2350.00008, "amount": 0.00993305}
{"tid": 2181440, "date": 1626322107, "type": "sell", "price": 2350.01, "amount": 0.0012038}
{"tid": 2181441, "date": 1626322110, "type": "sell", "price": 2350.01, "amount": 0.0198661}
{"tid": 2181442, "date": 1626322609, "type": "sell", "price": 2350.01, "amount": 0.04791431}
{"tid": 2181443, "date": 1626323495, "type": "buy", "price": 2376.48579, "amount": 0.00637495}
{"tid": 2181444, "date": 1626324833, "type": "sell", "price": 2350.03, "amount": 0.0085}
{"tid": 2181445, "date": 1626325971, "type": "sell", "price": 2350.03, "amount": 0.33927}
{"tid": 2181446, "date": 1626325980, "type": "sell", "price": 2350.03, "amount": 0.33929}
{"tid": 2181447, "date": 1626326505, "type": "sell", "price": 2350.03, "amount": 0.041706}
{"tid": 2181448, "date": 1626326523, "type": "sell", "price": 2350.03, "amount": 0.079734}
{"tid": 2181449, "date": 1626326523, "type": "sell", "price": 2350.01, "amount": 0.11202969}
{"tid": 2181450, "date": 1626326523, "type": "sell", "price": 2350, "amount": 0.01488936}
{"tid": 2181451, "date": 1626326523, "type": "sell", "price": 2350, "amount": 0.02}
{"tid": 2181452, "date": 1626326523, "type": "sell", "price": 2350, "amount": 0.92542978}
{"tid": 2181453, "date": 1626326523, "type": "sell", "price": 2350, "amount": 0.00893617}
{"tid": 2181454, "date": 1626326523, "type": "sell", "price": 2350, "amount": 0.999981}
{"tid": 2181455, "date": 1626326529, "type": "sell", "price": 2350, "amount": 1.9e-05}
{"tid": 2181456, "date": 1626326672, "type": "sell", "price": 2340, "amount": 0.04003622}
{"tid": 2181457, "date": 1626327253, "type": "buy", "price": 2362.94652, "amount": 0.07944318}
{"tid": 2181458, "date": 1626328138, "type": "sell", "price": 2345, "amount": 0.14217484}
{"tid": 2181459, "date": 1626328138, "type": "sell", "price": 2340.00001, "amount": 0.35782516}
{"tid": 2181460, "date": 1626328184, "type": "buy", "price": 2353.42933, "amount": 0.1144}
{"tid": 2181461, "date": 1626328184, "type": "buy", "price": 2353.44935, "amount": 0.10026}
{"tid": 2181462, "date": 1626328184, "type": "buy", "price": 2354.13133, "amount": 2.08962911}
{"tid": 2181463, "date": 1626328184, "type": "buy", "price": 2354.15133, "amount": 4.2939554}
{"tid": 2181464, "date": 1626328184, "type": "buy", "price": 2354.15134, "amount": 1.47185893}
{"tid": 2181465, "date": 1626328672, "type": "buy", "price": 2352.36574, "amount": 0.03060748}
{"tid": 2181466, "date": 1626330165, "type": "sell", "price": 2342.33921, "amount": 0.15}
{"tid": 2181467, "date": 1626331680, "type": "sell", "price": 2340.00955, "amount": 1.29699}
{"tid": 2181468, "date": 1626331680, "type": "sell", "price": 2340.00948, "amount": 0.1309845}
{"tid": 2181469, "date": 1626334237, "type": "sell", "price": 2340.00002, "amount": 0.75983064}
{"tid": 2181470, "date": 1626334535, "type": "buy", "price": 2347.31806, "amount": 0.12780543}
{"tid": 2181471, "date": 1626334757, "type": "buy", "price": 2347.31554, "amount": 0.04260185}
{"tid": 2181472, "date": 1626335229, "type": "buy", "price": 2347.3197, "amount": 0.05821933}
{"tid": 2181473, "date": 1626335239, "type": "buy", "price": 2347.31995, "amount": 0.01}
{"tid": 2181474, "date": 1626335300, "type": "buy", "price": 2347.32, "amount": 0.00470049}
{"tid": 2181475, "date": 1626335566, "type": "sell", "price": 2340.00002, "amount": 0.32063287}
{"tid": 2181476, "date": 1626336461, "type": "sell", "price": 2345.95397, "amount": 0.001}
{"tid": 2181477, "date": 1626336675, "type": "buy", "price": 2374.36492, "amount": 0.00505398}
{"tid": 2181478, "date": 1626337153, "type": "buy", "price": 2368.68715, "amount": 10.55436974}
{"tid": 2181479, "date": 1626337506, "type": "sell", "price": 2347.31631, "amount": 0.28863743}
{"tid": 2181480, "date": 1626337668, "type": "buy", "price": 2364.46572, "amount": 8.4585705}
{"tid": 2181481, "date": 1626338074, "type": "sell", "price": 2340.00003, "amount": 0.01099998}
{"tid": 2181482, "date": 1626338235, "type": "sell", "price": 2340.00028, "amount": 0.08639716}
{"tid": 2181483, "date": 1626338930, "type": "buy", "price": 2342, "amount": 0.05360799}
{"tid": 2181484, "date": 1626339336, "type": "sell", "price": 2345.00002, "amount": 2.62418082}
{"tid": 2181485, "date": 1626339336, "type": "sell", "price": 2345, "amount": 0.15}
{"tid": 2181486, "date": 1626339336, "type": "sell", "price": 2342.00001, "amount": 2.28776857}
{"tid": 2181487, "date": 1626339336, "type": "sell", "price": 2342, "amount": 4.15087704}
{"tid": 2181488, "date": 1626339475, "type": "buy", "price": 2356.17146, "amount": 0.00433031}
{"tid": 2181489, "date": 1626340128, "type": "buy", "price": 2356.16986, "amount": 0.03580811}
{"tid": 2181490, "date": 1626340302, "type": "buy", "price": 2356.1693, "amount": 0.42441771}
{"tid": 2181491, "date": 1626340693, "type": "sell", "price": 2344.14123, "amount": 0.04258947}
{"tid": 2181492, "date": 1626340912, "type": "buy", "price": 2356.16906, "amount": 0.02464573}
{"tid": 2181493, "date": 1626340916, "type": "sell", "price": 2348.77044, "amount": 0.01}
{"tid": 2181494, "date": 1626341035, "type": "buy", "price": 2356.17, "amount": 0.0967}
{"tid": 2181495, "date": 1626341037, "type": "buy", "price": 2356.17, "amount": 3.925e-05}
{"tid": 2181496, "date": 1626341604, "type": "sell", "price": 2360.24536, "amount": 0.10132171}
{"tid": 2181497, "date": 1626341812, "type": "sell", "price": 2362.78163, "amount": 0.00614814}
{"tid": 2181498, "date": 1626341916, "type": "sell", "price": 2377.05, "amount": 0.845}
{"tid": 2181499, "date": 1626342434, "type": "sell", "price": 2356.47212, "amount": 0.55446037}
{"tid": 2181500, "date": 1626342527, "type": "buy", "price": 2373.83627, "amount": 0.00421259}
{"tid": 2181501, "date": 1626342982, "type": "buy", "price": 2371.15511, "amount": 0.02108676}
{"tid": 2181502, "date": 1626343024, "type": "buy", "price": 2371.15507, "amount": 0.03373883}
{"tid": 2181503, "date": 1626343387, "type": "buy", "price": 2369.69241, "amount": 0.02109978}
{"tid": 2181504, "date": 1626343590, "type": "buy", "price": 2369.69205, "amount": 4.01452091}
{"tid": 2181505, "date": 1626343590, "type": "buy", "price": 2369.69207, "amount": 1.00181865}
{"tid": 2181506, "date": 1626343908, "type": "sell", "price": 2369.69, "amount": 0.02590634}
{"tid": 2181507, "date": 1626343908, "type": "sell", "price": 2357.39125, "amount": 0.01915639}
{"tid": 2181508, "date": 1626344451, "type": "buy", "price": 2368.45581, "amount": 0.00422216}
{"tid": 2181509, "date": 1626344475, "type": "buy", "price": 2363.71643, "amount": 0.00423062}
{"tid": 2181510, "date": 1626344556, "type": "sell", "price": 2356.17002, "amount": 1.40758}
{"tid": 2181511, "date": 1626344672, "type": "sell", "price": 2356.17002, "amount": 2.66900158}
{"tid": 2181512, "date": 1626344672, "type": "sell", "price": 2356.17002, "amount": 0.00424289}
{"tid": 2181513, "date": 1626344672, "type": "sell", "price": 2356.17, "amount": 0.19745553}
{"tid": 2181514, "date": 1626344673, "type": "sell", "price": 2356.17, "amount": 8.539e-05}
{"tid": 2181515, "date": 1626344793, "type": "buy", "price": 2355.24631, "amount": 0.0212292}
{"tid": 2181516, "date": 1626344807, "type": "sell", "price": 2342, "amount": 0.7955}
{"tid": 2181517, "date": 1626344962, "type": "buy", "price": 2350.58508, "amount": 0.12762779}
{"tid": 2181518, "date": 1626345043, "type": "sell", "price": 2342, "amount": 1.497e-05}
{"tid": 2181519, "date": 1626345081, "type": "sell", "price": 2340, "amount": 0.02748508}
{"tid": 2181520, "date": 1626345081, "type": "sell", "price": 2340, "amount": 0.84650492}
{"tid": 2181521, "date": 1626345085, "type": "sell", "price": 2340, "amount": 0.15349508}
{"tid": 2181522, "date": 1626345085, "type": "sell", "price": 2340, "amount": 0.01}
{"tid": 2181523, "date": 1626345085, "type": "sell", "price": 2340, "amount": 0.04270492}
{"tid": 2181524, "date": 1626345104, "type": "sell", "price": 2340, "amount": 3.508e-05}
{"tid": 2181525, "date": 1626345853, "type": "sell", "price": 2322.86, "amount": 0.04491015}
{"tid": 2181526, "date": 1626345853, "type": "sell", "price": 2320, "amount": 0.06465517}
{"tid": 2181527, "date": 1626345853, "type": "sell", "price": 2319.13, "amount": 0.39273153}
{"tid": 2181528, "date": 1626345972, "type": "sell", "price": 2319.13, "amount": 0.02532567}
{"tid": 2181529, "date": 1626346017, "type": "buy", "price": 2332.89878, "amount": 0.04286512}
{"tid": 2181530, "date": 1626346057, "type": "buy", "price": 2332.65796, "amount": 0.004}
{"tid": 2181531, "date": 1626346104, "type": "buy", "price": 2332.37647, "amount": 0.00785416}
{"tid": 2181532, "date": 1626346222, "type": "buy", "price": 2331.59381, "amount": 1.4915385}
{"tid": 2181533, "date": 1626346222, "type": "buy", "price": 2331.59388, "amount": 0.08767296}
{"tid": 2181534, "date": 1626346443, "type": "buy", "price": 2330.811, "amount": 0.02308638}
{"tid": 2181535, "date": 1626346469, "type": "sell", "price": 2319.13016, "amount": 0.00590798}
{"tid": 2181536, "date": 1626346478, "type": "sell", "price": 2319.13015, "amount": 0.03866358}
{"tid": 2181537, "date": 1626346830, "type": "sell", "price": 2319.13006, "amount": 0.00799989}
{"tid": 2181538, "date": 1626346918, "type": "sell", "price": 2319.13007, "amount": 0.06630162}
{"tid": 2181539, "date": 1626346918, "type": "sell", "price": 2319.13005, "amount": 0.90535466}
{"tid": 2181540, "date": 1626346926, "type": "sell", "price": 2319.13005, "amount": 0.19911099}
{"tid": 2181541, "date": 1626346959, "type": "buy", "price": 2327.79013, "amount": 0.06443879}
{"tid": 2181542, "date": 1626346998, "type": "buy", "price": 2327.78978, "amount": 0.00503524}
{"tid": 2181543, "date": 1626347018, "type": "buy", "price": 2327.7902, "amount": 0.02147959}
{"tid": 2181544, "date": 1626347174, "type": "sell", "price": 2319.13007, "amount": 0.2171289}
{"tid": 2181545, "date": 1626347223, "type": "sell", "price": 2319.13007, "amount": 0.06267903}
{"tid": 2181546, "date": 1626347331, "type": "sell", "price": 2319.13, "amount": 0.04762695}
{"tid": 2181547, "date": 1626347384, "type": "buy", "price": 2331.34204, "amount": 0.0223219}
{"tid": 2181548, "date": 1626347447, "type": "sell", "price": 2319.13, "amount": 0.01949809}
{"tid": 2181549, "date": 1626347497, "type": "sell", "price": 2319.13, "amount": 0.0032}
{"tid": 2181550, "date": 1626347640, "type": "buy", "price": 2331.29801, "amount": 0.00428945}
{"tid": 2181551, "date": 1626347842, "type": "sell", "price": 2331.29, "amount": 0.0386}
{"tid": 2181552, "date": 1626347844, "type": "sell", "price": 2331.29, "amount": 7.815e-05}
{"tid": 2181553, "date": 1626347871, "type": "sell", "price": 2319.13002, "amount": 0.00431044}
{"tid": 2181554, "date": 1626347871, "type": "sell", "price": 2319.13, "amount": 0.01078956}
{"tid": 2181555, "date": 1626348233, "type": "buy", "price": 2329.89838, "amount": 0.00482853}
{"tid": 2181556, "date": 1626348268, "type": "sell", "price": 2319.13, "amount": 0.01030973}
{"tid": 2181557, "date": 1626348402, "type": "buy", "price": 2328.55462, "amount": 0.21472547}
{"tid": 2181558, "date": 1626348725, "type": "sell", "price": 2319.13, "amount": 0.02930789}
{"tid": 2181559, "date": 1626348770, "type": "buy", "price": 2328.44979, "amount": 0.01565908}
{"tid": 2181560, "date": 1626349010, "type": "buy", "price": 2328.54998, "amount": 0.03876661}
{"tid": 2181561, "date": 1626349060, "type": "buy", "price": 2328.55, "amount": 0.11630843}
{"tid": 2181562, "date": 1626349118, "type": "buy", "price": 2328.55, "amount": 0.02147259}
{"tid": 2181563, "date": 1626349371, "type": "sell", "price": 2328.44, "amount": 0.02881267}
{"tid": 2181564, "date": 1626349581, "type": "buy", "price": 2328.55, "amount": 0.04294518}
{"tid": 2181565, "date": 1626349782, "type": "sell", "price": 2328.44, "amount": 0.03940476}
{"tid": 2181566, "date": 1626349860, "type": "buy", "price": 2336.58562, "amount": 0.12134944}
{"tid": 2181567, "date": 1626350001, "type": "sell", "price": 2328.44, "amount": 0.04805986}
{"tid": 2181568, "date": 1626350019, "type": "sell", "price": 2328.44, "amount": 1.21384072}
{"tid": 2181569, "date": 1626350019, "type": "sell", "price": 2319.13001, "amount": 0.49046542}
{"tid": 2181570, "date": 1626350094, "type": "sell", "price": 2319.13001, "amount": 0.1}
{"tid": 2181571, "date": 1626350359, "type": "buy", "price": 2332.90803, "amount": 0.04286495}
{"tid": 2181572, "date": 1626350640, "type": "sell", "price": 2319.13001, "amount": 0.50229686}
{"tid": 2181573, "date": 1626350813, "type": "sell", "price": 2319.13, "amount": 0.46121058}
{"tid": 2181574, "date": 1626350813, "type": "sell", "price": 2319.13, "amount": 0.5633695}
{"tid": 2181575, "date": 1626350832, "type": "buy", "price": 2330.83797, "amount": 0.02033174}
{"tid": 2181576, "date": 1626350860, "type": "sell", "price": 2319.15014, "amount": 0.39259912}
{"tid": 2181577, "date": 1626350891, "type": "buy", "price": 2332.3199, "amount": 0.06431364}
{"tid": 2181578, "date": 1626351102, "type": "buy", "price": 2331.51733, "amount": 0.00473313}
{"tid": 2181579, "date": 1626351533, "type": "sell", "price": 2319.13025, "amount": 0.00281832}
{"tid": 2181580, "date": 1626351608, "type": "buy", "price": 2331.95911, "amount": 0.10720599}
{"tid": 2181581, "date": 1626351674, "type": "buy", "price": 2331.79876, "amount": 0.21442673}
{"tid": 2181582, "date": 1626352090, "type": "buy", "price": 2329.78703, "amount": 0.05665753}
{"tid": 2181583, "date": 1626352130, "type": "sell", "price": 2319.13009, "amount": 0.04146904}
{"tid": 2181584, "date": 1626352134, "type": "buy", "price": 2329.32531, "amount": 1.07327215}
{"tid": 2181585, "date": 1626352161, "type": "sell", "price": 2319.13009, "amount": 0.15138516}
{"tid": 2181586, "date": 1626352161, "type": "sell", "price": 2319.13, "amount": 4.06164074}
{"tid": 2181587, "date": 1626352161, "type": "sell", "price": 2319.13, "amount": 0.1808741}
{"tid": 2181588, "date": 1626352214, "type": "sell", "price": 2319.13, "amount": 3.856e-05}
{"tid": 2181589, "date": 1626352214, "type": "sell", "price": 2313.87001, "amount": 0.07434318}
{"tid": 2181590, "date": 1626352219, "type": "sell", "price": 2313.87009, "amount": 1.354634}
{"tid": 2181591, "date": 1626352219, "type": "sell", "price": 2313.87001, "amount": 0.33460853}
{"tid": 2181592, "date": 1626352237, "type": "buy", "price": 2328.64164, "amount": 0.00876132}
{"tid": 2181593, "date": 1626352275, "type": "sell", "price": 2313.87001, "amount": 1.98402357}
{"tid": 2181594, "date": 1626352356, "type": "sell", "price": 2313.87, "amount": 0.0039485}
{"tid": 2181595, "date": 1626352564, "type": "sell", "price": 2313.87, "amount": 0.02160882}
{"tid": 2181596, "date": 1626352660, "type": "buy", "price": 2324.7844, "amount": 1.89084658}
{"tid": 2181597, "date": 1626352688, "type": "sell", "price": 2313.87, "amount": 0.08233155}
{"tid": 2181598, "date": 1626352859, "type": "buy", "price": 2312.85881, "amount": 0.10809133}
{"tid": 2181599, "date": 1626352895, "type": "buy", "price": 2312.59851, "amount": 0.00484303}
{"tid": 2181600, "date": 1626352965, "type": "buy", "price": 2312.23809, "amount": 0.00432481}
{"tid": 2181601, "date": 1626352974, "type": "sell", "price": 2302.5, "amount": 0.0101}
{"tid": 2181602, "date": 1626352974, "type": "sell", "price": 2301.12001, "amount": 0.00976}
{"tid": 2181603, "date": 1626352999, "type": "sell", "price": 2301.12001, "amount": 0.00957439}
{"tid": 2181604, "date": 1626353038, "type": "sell", "price": 2301.12001, "amount": 0.00480913}
{"tid": 2181605, "date": 1626353057, "type": "buy", "price": 2311.7975, "amount": 0.00865127}
{"tid": 2181606, "date": 1626353223, "type": "buy", "price": 2311.6955, "amount": 0.02162914}
{"tid": 2181607, "date": 1626353247, "type": "buy", "price": 2311.45474, "amount": 0.22163006}
{"tid": 2181608, "date": 1626353349, "type": "buy", "price": 2310.87346, "amount": 0.04327368}
{"tid": 2181609, "date": 1626353409, "type": "sell", "price": 2301.12009, "amount": 0.09315537}
{"tid": 2181610, "date": 1626353409, "type": "sell", "price": 2301.12009, "amount": 0.04344406}
{"tid": 2181611, "date": 1626353409, "type": "sell", "price": 2301.12, "amount": 0.14}
{"tid": 2181612, "date": 1626353409, "type": "sell", "price": 2301.1, "amount": 0.0515}
{"tid": 2181613, "date": 1626353409, "type": "sell", "price": 2300.01, "amount": 0.15335406}
{"tid": 2181614, "date": 1626353532, "type": "buy", "price": 2310.03241, "amount": 0.1298683}
{"tid": 2181615, "date": 1626353652, "type": "sell", "price": 2300.01015, "amount": 0.00947788}
{"tid": 2181616, "date": 1626353673, "type": "buy", "price": 2313.75991, "amount": 0.03072055}
{"tid": 2181617, "date": 1626354000, "type": "buy", "price": 2309.4994, "amount": 3.95096611}
{"tid": 2181618, "date": 1626354000, "type": "buy", "price": 2309.49942, "amount": 6.4382962}
{"tid": 2181619, "date": 1626354000, "type": "buy", "price": 2310, "amount": 0.63862914}
{"tid": 2181620, "date": 1626354000, "type": "buy", "price": 2313.85999, "amount": 3.19318001}
{"tid": 2181621, "date": 1626354000, "type": "sell", "price": 2300.01026, "amount": 0.02007925}
{"tid": 2181622, "date": 1626354179, "type": "buy", "price": 2313.85962, "amount": 0.0175983}
{"tid": 2181623, "date": 1626354211, "type": "sell", "price": 2308.00002, "amount": 0.05998106}
{"tid": 2181624, "date": 1626354345, "type": "sell", "price": 2300.01061, "amount": 0.07860291}
{"tid": 2181625, "date": 1626354353, "type": "buy", "price": 2313.85998, "amount": 0.02160891}
{"tid": 2181626, "date": 1626354442, "type": "buy", "price": 2313.85998, "amount": 0.03511448}
{"tid": 2181627, "date": 1626354570, "type": "buy", "price": 2313.86, "amount": 0.17771041}
{"tid": 2181628, "date": 1626354570, "type": "buy", "price": 2332.27996, "amount": 0.94555672}
{"tid": 2181629, "date": 1626354934, "type": "sell", "price": 2302.42142, "amount": 0.19262141}
{"tid": 2181630, "date": 1626354976, "type": "buy", "price": 2332.27478, "amount": 0.02143829}
{"tid": 2181631, "date": 1626354991, "type": "sell", "price": 2332.27, "amount": 0.005}
{"tid": 2181632, "date": 1626355185, "type": "sell", "price": 2303.26517, "amount": 0.02695135}
{"tid": 2181633, "date": 1626355777, "type": "buy", "price": 2331.56448, "amount": 2.17322748}
{"tid": 2181634, "date": 1626356401, "type": "buy", "price": 2332.33621, "amount": 0.0129098}
{"tid": 2181635, "date": 1626356476, "type": "buy", "price": 2332.3347, "amount": 0.00877661}
{"tid": 2181636, "date": 1626356506, "type": "sell", "price": 2311.88515, "amount": 0.05788676}
{"tid": 2181637, "date": 1626356637, "type": "sell", "price": 2312.10547, "amount": 0.01281944}
{"tid": 2181638, "date": 1626356661, "type": "buy", "price": 2332.33029, "amount": 0.42875574}
{"tid": 2181639, "date": 1626357520, "type": "buy", "price": 2332.34, "amount": 0.00428753}
{"tid": 2181640, "date": 1626357530, "type": "buy", "price": 2332.34, "amount": 0.01071884}
{"tid": 2181641, "date": 1626357542, "type": "buy", "price": 2332.34, "amount": 0.04287539}
{"tid": 2181642, "date": 1626357695, "type": "sell", "price": 2315.16036, "amount": 0.01530481}
{"tid": 2181643, "date": 1626357894, "type": "sell", "price": 2320.7518, "amount": 0.16745541}
{"tid": 2181644, "date": 1626357909, "type": "sell", "price": 2320.89232, "amount": 0.00247256}
{"tid": 2181645, "date": 1626357940, "type": "buy", "price": 2332.34, "amount": 0.02018573}
{"tid": 2181646, "date": 1626358031, "type": "buy", "price": 2332.33972, "amount": 0.01072313}
{"tid": 2181647, "date": 1626358049, "type": "sell", "price": 2321.65534, "amount": 0.82489348}
{"tid": 2181648, "date": 1626358147, "type": "sell", "price": 2321.93557, "amount": 2.11635797}
{"tid": 2181649, "date": 1626358147, "type": "sell", "price": 2321.93555, "amount": 0.04165692}
{"tid": 2181650, "date": 1626358198, "type": "sell", "price": 2320.89269, "amount": 0.00420062}
{"tid": 2181651, "date": 1626358216, "type": "buy", "price": 2332.33993, "amount": 0.02679712}
{"tid": 2181652, "date": 1626358218, "type": "buy", "price": 2332.33993, "amount": 2.12627245}
{"tid": 2181653, "date": 1626358218, "type": "buy", "price": 2332.33995, "amount": 4.4607874}
{"tid": 2181654, "date": 1626358218, "type": "buy", "price": 2332.34, "amount": 0.0128408}
{"tid": 2181655, "date": 1626358238, "type": "buy", "price": 2349.99991, "amount": 0.02978723}
{"tid": 2181656, "date": 1626358267, "type": "sell", "price": 2332.7003, "amount": 0.00250855}
{"tid": 2181657, "date": 1626358403, "type": "sell", "price": 2322.23277, "amount": 0.00750806}
{"tid": 2181658, "date": 1626358476, "type": "buy", "price": 2349.99999, "amount": 0.21276595}
{"tid": 2181659, "date": 1626358663, "type": "buy", "price": 2349.99966, "amount": 0.04255319}
{"tid": 2181660, "date": 1626358710, "type": "buy", "price": 2350, "amount": 0.02127659}
{"tid": 2181661, "date": 1626358715, "type": "buy", "price": 2350, "amount": 0.07842341}
{"tid": 2181662, "date": 1626358715, "type": "buy", "price": 2350, "amount": 0.03406997}
{"tid": 2181663, "date": 1626358715, "type": "buy", "price": 2360.08607, "amount": 0.01510138}
{"tid": 2181664, "date": 1626358801, "type": "buy", "price": 2359.60353, "amount": 0.00921447}
{"tid": 2181665, "date": 1626358949, "type": "sell", "price": 2325.39574, "amount": 0.00228749}
{"tid": 2181666, "date": 1626359031, "type": "sell", "price": 2325.55008, "amount": 0.00171562}
{"tid": 2181667, "date": 1626359158, "type": "sell", "price": 2325.85047, "amount": 0.00514686}
{"tid": 2181668, "date": 1626359192, "type": "buy", "price": 2356.16385, "amount": 0.012045}
{"tid": 2181669, "date": 1626359525, "type": "buy", "price": 2352.45149, "amount": 0.21254423}
{"tid": 2181670, "date": 1626359551, "type": "buy", "price": 2352.45144, "amount": 0.04250884}
{"tid": 2181671, "date": 1626359678, "type": "buy", "price": 2350.12986, "amount": 0.51538854}
{"tid": 2181672, "date": 1626359697, "type": "sell", "price": 2326.09138, "amount": 0.56414051}
{"tid": 2181673, "date": 1626359787, "type": "buy", "price": 2350.128, "amount": 0.01276526}
{"tid": 2181674, "date": 1626359819, "type": "sell", "price": 2326.37199, "amount": 0.992335}
{"tid": 2181675, "date": 1626359838, "type": "buy", "price": 2350.11976, "amount": 0.10042041}
{"tid": 2181676, "date": 1626360223, "type": "sell", "price": 2350, "amount": 0.0851}
{"tid": 2181677, "date": 1626360228, "type": "sell", "price": 2350, "amount": 6.38e-06}
{"tid": 2181678, "date": 1626360373, "type": "sell", "price": 2329.66093, "amount": 0.64387062}
{"tid": 2181679, "date": 1626360373, "type": "sell", "price": 2329.66093, "amount": 2.15261185}
{"tid": 2181680, "date": 1626360373, "type": "sell", "price": 2329.66092, "amount": 5.21713026}
{"tid": 2181681, "date": 1626360390, "type": "sell", "price": 2329.66092, "amount": 0.06110195}
{"tid": 2181682, "date": 1626360783, "type": "buy", "price": 2347.55894, "amount": 0.00425974}
{"tid": 2181683, "date": 1626360976, "type": "sell", "price": 2325.79061, "amount": 0.49398532}
{"tid": 2181684, "date": 1626361151, "type": "buy", "price": 2343.99642, "amount": 0.01365189}
{"tid": 2181685, "date": 1626361199, "type": "sell", "price": 2325.89086, "amount": 0.24044329}
{"tid": 2181686, "date": 1626361231, "type": "sell", "price": 2325.87086, "amount": 0.01356172}
{"tid": 2181687, "date": 1626361245, "type": "buy", "price": 2343.0706, "amount": 0.47079673}
{"tid": 2181688, "date": 1626361340, "type": "buy", "price": 2342.68587, "amount": 0.0042686}
{"tid": 2181689, "date": 1626361891, "type": "buy", "price": 2342.67085, "amount": 0.42709797}
{"tid": 2181690, "date": 1626362010, "type": "sell", "price": 2327.95193, "amount": 0.00429347}
{"tid": 2181691, "date": 1626362010, "type": "sell", "price": 2327.93192, "amount": 0.02177829}
{"tid": 2181692, "date": 1626362133, "type": "buy", "price": 2339.99935, "amount": 0.64102581}
{"tid": 2181693, "date": 1626362175, "type": "buy", "price": 2339.99935, "amount": 0.00254551}
{"tid": 2181694, "date": 1626362175, "type": "buy", "price": 2339.99936, "amount": 0.03934774}
{"tid": 2181695, "date": 1626362652, "type": "buy", "price": 2339.99856, "amount": 0.04274788}
{"tid": 2181696, "date": 1626362774, "type": "buy", "price": 2339.99849, "amount": 0.04273507}
{"tid": 2181697, "date": 1626362848, "type": "buy", "price": 2339.99849, "amount": 0.83333387}
{"tid": 2181698, "date": 1626362896, "type": "sell", "price": 2331.14454, "amount": 0.03235458}
{"tid": 2181699, "date": 1626363070, "type": "buy", "price": 2339.99649, "amount": 0.02136755}
{"tid": 2181700, "date": 1626363217, "type": "sell", "price": 2331.14454, "amount": 0.02072427}
{"tid": 2181701, "date": 1626363840, "type": "sell", "price": 2331.14454, "amount": 0.02302593}
{"tid": 2181702, "date": 1626364074, "type": "buy", "price": 2339.97795, "amount": 0.02136772}
{"tid": 2181703, "date": 1626364895, "type": "sell", "price": 2331.42037, "amount": 0.15878235}
{"tid": 2181704, "date": 1626365090, "type": "buy", "price": 2339.95514, "amount": 0.00427358}
{"tid": 2181705, "date": 1626365325, "type": "buy", "price": 2339.95182, "amount": 0.02196199}
{"tid": 2181706, "date": 1626365481, "type": "sell", "price": 2331.42037, "amount": 0.22455594}
{"tid": 2181707, "date": 1626365530, "type": "sell", "price": 2331.42037, "amount": 0.18813154}
{"tid": 2181708, "date": 1626365530, "type": "sell", "price": 2331.42036, "amount": 0.01729595}
{"tid": 2181709, "date": 1626365532, "type": "buy", "price": 2339.94652, "amount": 0.021368}
{"tid": 2181710, "date": 1626365687, "type": "sell", "price": 2331.42, "amount": 0.00505955}
{"tid": 2181711, "date": 1626365768, "type": "sell", "price": 2331.42, "amount": 0.03783276}
{"tid": 2181712, "date": 1626365768, "type": "sell", "price": 2331.14, "amount": 0.08603515}
{"tid": 2181713, "date": 1626365768, "type": "sell", "price": 2327.00015, "amount": 3.01903592}
{"tid": 2181714, "date": 1626365768, "type": "sell", "price": 2327.00014, "amount": 0.85709617}
{"tid": 2181715, "date": 1626365813, "type": "buy", "price": 2339.9381, "amount": 0.1969411}
{"tid": 2181716, "date": 1626365942, "type": "sell", "price": 2327.00027, "amount": 0.04659804}
{"tid": 2181717, "date": 1626366032, "type": "sell", "price": 2327.00034, "amount": 0.00708266}
{"tid": 2181718, "date": 1626366119, "type": "buy", "price": 2339.92828, "amount": 0.00427363}
{"tid": 2181719, "date": 1626366303, "type": "buy", "price": 2339.9235, "amount": 0.02094085}
{"tid": 2181720, "date": 1626366324, "type": "buy", "price": 2339.92295, "amount": 0.02136822}
{"tid": 2181721, "date": 1626366425, "type": "sell", "price": 2327.00003, "amount": 0.0420342}
{"tid": 2181722, "date": 1626366466, "type": "sell", "price": 2327.00003, "amount": 0.09917504}
{"tid": 2181723, "date": 1626366549, "type": "buy", "price": 2339.91682, "amount": 0.06410484}
{"tid": 2181724, "date": 1626366695, "type": "buy", "price": 2339.91152, "amount": 0.29915661}
{"tid": 2181725, "date": 1626366876, "type": "buy", "price": 2339.7271, "amount": 0.04274002}
{"tid": 2181726, "date": 1626366981, "type": "sell", "price": 2327.00179, "amount": 0.03034251}
{"tid": 2181727, "date": 1626367037, "type": "buy", "price": 2339.48365, "amount": 0.00427444}
{"tid": 2181728, "date": 1626367593, "type": "buy", "price": 2336.17579, "amount": 0.00428049}
{"tid": 2181729, "date": 1626367773, "type": "buy", "price": 2335.07404, "amount": 0.7280283}
{"tid": 2181730, "date": 1626367874, "type": "sell", "price": 2327.00208, "amount": 0.04295226}
{"tid": 2181731, "date": 1626367874, "type": "sell", "price": 2327.00207, "amount": 0.0795115}
{"tid": 2181732, "date": 1626367963, "type": "buy", "price": 2334.8707, "amount": 0.42828924}
{"tid": 2181733, "date": 1626368031, "type": "buy", "price": 2334.86922, "amount": 1.41335539}
{"tid": 2181734, "date": 1626368418, "type": "buy", "price": 2337.84002, "amount": 0.00427745}
{"tid": 2181735, "date": 1626368919, "type": "sell", "price": 2334.86, "amount": 0.02}
{"tid": 2181736, "date": 1626368919, "type": "sell", "price": 2327.00041, "amount": 1.01750756}
{"tid": 2181737, "date": 1626368991, "type": "sell", "price": 2327.00051, "amount": 0.42952289}
{"tid": 2181738, "date": 1626368991, "type": "sell", "price": 2327.0005, "amount": 0.6441402}
{"tid": 2181739, "date": 1626368991, "type": "sell", "price": 2327, "amount": 0.2312}
{"tid": 2181740, "date": 1626368991, "type": "sell", "price": 2325.47, "amount": 0.00578377}
{"tid": 2181741, "date": 1626368991, "type": "sell", "price": 2325.00001, "amount": 2.78266196}
{"tid": 2181742, "date": 1626368991, "type": "sell", "price": 2325, "amount": 0.00519118}
{"tid": 2181743, "date": 1626368998, "type": "sell", "price": 2325, "amount": 0.00057656}
{"tid": 2181744, "date": 1626369048, "type": "buy", "price": 2324.99815, "amount": 0.06885596}
{"tid": 2181745, "date": 1626369207, "type": "sell", "price": 2324.99, "amount": 0.0215}
{"tid": 2181746, "date": 1626369208, "type": "sell", "price": 2324.99, "amount": 5.46e-06}
{"tid": 2181747, "date": 1626369780, "type": "sell", "price": 2311.00001, "amount": 0.04355276}
{"tid": 2181748, "date": 1626369811, "type": "buy", "price": 2324.95024, "amount": 0.04301167}
{"tid": 2181749, "date": 1626369843, "type": "sell", "price": 2311.00001, "amount": 0.40221712}
{"tid": 2181750, "date": 1626370570, "type": "buy", "price": 2320.92179, "amount": 1.383456}
{"tid": 2181751, "date": 1626370570, "type": "buy", "price": 2320.92184, "amount": 0.64418693}
{"tid": 2181752, "date": 1626370570, "type": "buy", "price": 2320.92185, "amount": 2.16563653}
{"tid": 2181753, "date": 1626370570, "type": "buy", "price": 2339.96988, "amount": 3.85799673}
{"tid": 2181754, "date": 1626370702, "type": "buy", "price": 2339.78929, "amount": 0.25643334}
{"tid": 2181755, "date": 1626370816, "type": "sell", "price": 2312.37483, "amount": 0.02121798}
{"tid": 2181756, "date": 1626370941, "type": "sell", "price": 2315.08133, "amount": 0.34096057}
{"tid": 2181757, "date": 1626371148, "type": "sell", "price": 2316.10501, "amount": 0.18583289}
{"tid": 2181758, "date": 1626371194, "type": "sell", "price": 2316.10685, "amount": 0.10263033}
{"tid": 2181759, "date": 1626371884, "type": "sell", "price": 2316.13567, "amount": 0.03152389}
{"tid": 2181760, "date": 1626372029, "type": "sell", "price": 2316.14101, "amount": 1.4598343}
{"tid": 2181761, "date": 1626372029, "type": "sell", "price": 2316.14093, "amount": 0.64519389}
{"tid": 2181762, "date": 1626372029, "type": "sell", "price": 2316.14032, "amount": 0.89497181}
{"tid": 2181763, "date": 1626372214, "type": "sell", "price": 2320.58974, "amount": 0.09770546}
{"tid": 2181764, "date": 1626372261, "type": "sell", "price": 2321.73056, "amount": 0.06964153}
{"tid": 2181765, "date": 1626372783, "type": "sell", "price": 2324.00501, "amount": 0.01436531}
{"tid": 2181766, "date": 1626372912, "type": "sell", "price": 2327.38601, "amount": 0.00671056}
{"tid": 2181767, "date": 1626373351, "type": "buy", "price": 2339.84949, "amount": 0.6448713}
{"tid": 2181768, "date": 1626373351, "type": "buy", "price": 2339.8495, "amount": 0.20027568}
{"tid": 2181769, "date": 1626373351, "type": "buy", "price": 2339.84953, "amount": 0.00960885}
{"tid": 2181770, "date": 1626373937, "type": "buy", "price": 2339.96982, "amount": 0.04273559}
{"tid": 2181771, "date": 1626374423, "type": "buy", "price": 2339.95993, "amount": 0.02761158}
{"tid": 2181772, "date": 1626375074, "type": "buy", "price": 2339.96999, "amount": 5.71633593}
{"tid": 2181773, "date": 1626375074, "type": "buy", "price": 2339.97, "amount": 0.49996407}
{"tid": 2181774, "date": 1626375083, "type": "buy", "price": 2339.97, "amount": 3.593e-05}
{"tid": 2181775, "date": 1626375148, "type": "buy", "price": 2347.55, "amount": 0.00851952}
{"tid": 2181776, "date": 1626375213, "type": "buy", "price": 2347.55, "amount": 0.00425976}
{"tid": 2181777, "date": 1626375775, "type": "buy", "price": 2347.55, "amount": 0.01529253}
{"tid": 2181778, "date": 1626375815, "type": "buy", "price": 2347.55, "amount": 0.01116185}
{"tid": 2181779, "date": 1626375815, "type": "buy", "price": 2350, "amount": 0.002}
{"tid": 2181780, "date": 1626375815, "type": "buy", "price": 2350.11, "amount": 0.37327761}
{"tid": 2181781, "date": 1626375815, "type": "buy", "price": 2350.12, "amount": 0.00390823}
{"tid": 2181782, "date": 1626375815, "type": "buy", "price": 2369.99996, "amount": 0.84760707}
{"tid": 2181783, "date": 1626375933, "type": "buy", "price": 2369.99969, "amount": 0.02539662}
{"tid": 2181784, "date": 1626376253, "type": "buy", "price": 2359.99999, "amount": 0.00847457}
{"tid": 2181785, "date": 1626376255, "type": "buy", "price": 2359.99999, "amount": 0.1059322}
{"tid": 2181786, "date": 1626376419, "type": "sell", "price": 2342.71065, "amount": 0.00451808}
{"tid": 2181787, "date": 1626376519, "type": "buy", "price": 2359.99857, "amount": 0.00451583}
{"tid": 2181788, "date": 1626376519, "type": "buy", "price": 2359.99858, "amount": 0.29209451}
{"tid": 2181789, "date": 1626376557, "type": "buy", "price": 2359.9985, "amount": 0.02118645}
{"tid": 2181790, "date": 1626376590, "type": "buy", "price": 2360, "amount": 0.00423728}
{"tid": 2181791, "date": 1626376646, "type": "sell", "price": 2344.7008, "amount": 0.00493552}
{"tid": 2181792, "date": 1626376750, "type": "sell", "price": 2345.73056, "amount": 0.00166385}
{"tid": 2181793, "date": 1626376795, "type": "sell", "price": 2354.46715, "amount": 0.16330544}
{"tid": 2181794, "date": 1626376872, "type": "buy", "price": 2359.99996, "amount": 1.4540699}
{"tid": 2181795, "date": 1626376872, "type": "buy", "price": 2360, "amount": 0.62220131}
{"tid": 2181796, "date": 1626377178, "type": "sell", "price": 2353.6184, "amount": 0.18735852}
{"tid": 2181797, "date": 1626377381, "type": "sell", "price": 2353.61876, "amount": 0.02443683}
{"tid": 2181798, "date": 1626377388, "type": "sell", "price": 2353.61888, "amount": 0.1409}
{"tid": 2181799, "date": 1626377651, "type": "sell", "price": 2344.0592, "amount": 0.16330544}
{"tid": 2181800, "date": 1626377744, "type": "sell", "price": 2344.94345, "amount": 0.00205167}
{"tid": 2181801, "date": 1626377915, "type": "sell", "price": 2346.42952, "amount": 0.01}
{"tid": 2181802, "date": 1626378066, "type": "sell", "price": 2346.85244, "amount": 0.0086}
{"tid": 2181803, "date": 1626378273, "type": "buy", "price": 2359.9879, "amount": 0.04237309}
{"tid": 2181804, "date": 1626378631, "type": "buy", "price": 2359.98009, "amount": 0.06650479}
{"tid": 2181805, "date": 1626378669, "type": "buy", "price": 2359.97954, "amount": 0.00859767}
{"tid": 2181806, "date": 1626378669, "type": "buy", "price": 2359.97956, "amount": 0.11852207}
{"tid": 2181807, "date": 1626378723, "type": "buy", "price": 2359.97936, "amount": 0.02118662}
{"tid": 2181808, "date": 1626378790, "type": "sell", "price": 2350.8793, "amount": 0.001949}
{"tid": 2181809, "date": 1626379181, "type": "sell", "price": 2348.05349, "amount": 0.61240337}
{"tid": 2181810, "date": 1626379181, "type": "sell", "price": 2348.05348, "amount": 0.53906152}
{"tid": 2181811, "date": 1626379346, "type": "sell", "price": 2348.8184, "amount": 0.30884406}
{"tid": 2181812, "date": 1626379358, "type": "buy", "price": 2359.97665, "amount": 0.01149163}
{"tid": 2181813, "date": 1626379382, "type": "buy", "price": 2359.97656, "amount": 0.03645518}
{"tid": 2181814, "date": 1626379425, "type": "sell", "price": 2349.6215, "amount": 0.05395119}
{"tid": 2181815, "date": 1626379468, "type": "sell", "price": 2350.0433, "amount": 0.06864109}
{"tid": 2181816, "date": 1626379476, "type": "sell", "price": 2350.0835, "amount": 0.00431734}
{"tid": 2181817, "date": 1626379494, "type": "buy", "price": 2359.97568, "amount": 0.00423733}
{"tid": 2181818, "date": 1626379730, "type": "buy", "price": 2359.96975, "amount": 0.07844914}
{"tid": 2181819, "date": 1626379851, "type": "buy", "price": 2359.96712, "amount": 0.04237347}
{"tid": 2181820, "date": 1626380453, "type": "buy", "price": 2359.95196, "amount": 1.4252479}
{"tid": 2181821, "date": 1626380453, "type": "buy", "price": 2359.95202, "amount": 0.59081297}
{"tid": 2181822, "date": 1626380453, "type": "buy", "price": 2359.9524, "amount": 0.18737376}
{"tid": 2181823, "date": 1626380516, "type": "sell", "price": 2350.04596, "amount": 0.01102096}
{"tid": 2181824, "date": 1626380882, "type": "buy", "price": 2359.89977, "amount": 0.00847493}
{"tid": 2181825, "date": 1626380885, "type": "buy", "price": 2359.89977, "amount": 0.03389974}
{"tid": 2181826, "date": 1626380939, "type": "buy", "price": 2359.8997, "amount": 0.42374682}
{"tid": 2181827, "date": 1626381075, "type": "buy", "price": 2359.89941, "amount": 0.00423746}
{"tid": 2181828, "date": 1626381394, "type": "sell", "price": 2359.89, "amount": 0.00353105}
{"tid": 2181829, "date": 1626381397, "type": "sell", "price": 2359.89, "amount": 0.00197768}
{"tid": 2181830, "date": 1626381433, "type": "buy", "price": 2359.89919, "amount": 0.06430352}
{"tid": 2181831, "date": 1626381433, "type": "buy", "price": 2359.89921, "amount": 0.14756993}
{"tid": 2181832, "date": 1626381780, "type": "sell", "price": 2345.78619, "amount": 0.987121}
{"tid": 2181833, "date": 1626381915, "type": "sell", "price": 2346.90982, "amount": 0.03108992}
{"tid": 2181834, "date": 1626382482, "type": "sell", "price": 2351.47666, "amount": 0.01193018}
{"tid": 2181835, "date": 1626382667, "type": "sell", "price": 2351.47666, "amount": 0.01199059}
{"tid": 2181836, "date": 1626382729, "type": "buy", "price": 2359.95962, "amount": 0.01186037}
{"tid": 2181837, "date": 1626382853, "type": "sell", "price": 2359.95002, "amount": 0.10436027}
{"tid": 2181838, "date": 1626383006, "type": "sell", "price": 2359.95, "amount": 0.00424372}
{"tid": 2181839, "date": 1626383423, "type": "sell", "price": 2359.95, "amount": 0.02313067}
{"tid": 2181840, "date": 1626383453, "type": "sell", "price": 2359.95, "amount": 0.27591279}
{"tid": 2181841, "date": 1626383484, "type": "sell", "price": 2359.95, "amount": 0.00254889}
{"tid": 2181842, "date": 1626383527, "type": "buy", "price": 2359.95999, "amount": 0.00423735}
{"tid": 2181843, "date": 1626383528, "type": "buy", "price": 2359.95999, "amount": 0.0078111}
{"tid": 2181844, "date": 1626383528, "type": "buy", "price": 2359.96, "amount": 0.01}
{"tid": 2181845, "date": 1626383528, "type": "buy", "price": 2360, "amount": 0.02456208}
{"tid": 2181846, "date": 1626383678, "type": "buy", "price": 2360, "amount": 0.04237288}
{"tid": 2181847, "date": 1626383805, "type": "buy", "price": 2360, "amount": 0.42372881}
{"tid": 2181848, "date": 1626383883, "type": "sell", "price": 2359.95, "amount": 0.19742459}
{"tid": 2181849, "date": 1626383883, "type": "sell", "price": 2355.02262, "amount": 0.05365453}
{"tid": 2181850, "date": 1626383978, "type": "buy", "price": 2359.99999, "amount": 0.0179}
{"tid": 2181851, "date": 1626384477, "type": "sell", "price": 2356.24151, "amount": 0.00343002}
{"tid": 2181852, "date": 1626384540, "type": "buy", "price": 2359.99999, "amount": 0.00423728}
{"tid": 2181853, "date": 1626384811, "type": "sell", "price": 2356.32012, "amount": 0.01141119}
{"tid": 2181854, "date": 1626385359, "type": "sell", "price": 2356.32095, "amount": 0.03717954}
{"tid": 2181855, "date": 1626385618, "type": "buy", "price": 2359.99999, "amount": 0.06865139}
{"tid": 2181856, "date": 1626385618, "type": "buy", "price": 2360, "amount": 0.01609437}
{"tid": 2181857, "date": 1626386349, "type": "buy", "price": 2360, "amount": 0.00423728}
{"tid": 2181858, "date": 1626386642, "type": "buy", "price": 2360, "amount": 0.17596716}
{"tid": 2181859, "date": 1626386690, "type": "buy", "price": 2360, "amount": 1.01694915}
{"tid": 2181860, "date": 1626387085, "type": "sell", "price": 2357.59192, "amount": 0.13958}
{"tid": 2181861, "date": 1626387671, "type": "buy", "price": 2360, "amount": 0.04237288}
{"tid": 2181862, "date": 1626387745, "type": "buy", "price": 2360, "amount": 0.04237288}
{"tid": 2181863, "date": 1626387792, "type": "buy", "price": 2360, "amount": 0.02118644}
{"tid": 2181864, "date": 1626388476, "type": "buy", "price": 2360, "amount": 0.09}
{"tid": 2181865, "date": 1626388613, "type": "sell", "price": 2356.31001, "amount": 0.00859509}
{"tid": 2181866, "date": 1626389107, "type": "buy", "price": 2359.99999, "amount": 0.00423728}
{"tid": 2181867, "date": 1626389227, "type": "sell", "price": 2356.31001, "amount": 0.03404107}
{"tid": 2181868, "date": 1626389784, "type": "sell", "price": 2356.31001, "amount": 0.03516316}
{"tid": 2181869, "date": 1626390006, "type": "buy", "price": 2359.98999, "amount": 0.04237306}
{"tid": 2181870, "date": 1626390257, "type": "sell", "price": 2356.31155, "amount": 0.01563524}
{"tid": 2181871, "date": 1626390637, "type": "buy", "price": 2359.98999, "amount": 0.04237306}
{"tid": 2181872, "date": 1626390919, "type": "sell", "price": 2356.31027, "amount": 0.00472235}
{"tid": 2181873, "date": 1626391006, "type": "buy", "price": 2359.98999, "amount": 0.00912445}
{"tid": 2181874, "date": 1626391006, "type": "buy", "price": 2359.99, "amount": 0.00096457}
{"tid": 2181875, "date": 1626391802, "type": "buy", "price": 2359.99, "amount": 0.00883528}
{"tid": 2181876, "date": 1626391802, "type": "buy", "price": 2360, "amount": 8.46574472}
{"tid": 2181877, "date": 1626391999, "type": "sell", "price": 2358.90123, "amount": 0.0217}
{"tid": 2181878, "date": 1626392479, "type": "buy", "price": 2358.9, "amount": 0.00833863}
{"tid": 2181879, "date": 1626392575, "type": "sell", "price": 2357.29, "amount": 0.002}
{"tid": 2181880, "date": 1626392606, "type": "sell", "price": 2357.29, "amount": 7.865e-05}
{"tid": 2181881, "date": 1626392606, "type": "sell", "price": 2356.31001, "amount": 0.63658856}
{"tid": 2181882, "date": 1626392606, "type": "sell", "price": 2356.31, "amount": 1.21223279}
{"tid": 2181883, "date": 1626392613, "type": "sell", "price": 2356.31, "amount": 3.13e-05}
{"tid": 2181884, "date": 1626392617, "type": "buy", "price": 2356.30999, "amount": 0.5}
{"tid": 2181885, "date": 1626392735, "type": "sell", "price": 2345.78073, "amount": 0.42144679}
{"tid": 2181886, "date": 1626393033, "type": "sell", "price": 2345.78716, "amount": 0.00791236}
{"tid": 2181887, "date": 1626393096, "type": "sell", "price": 2345.78716, "amount": 0.04230364}
{"tid": 2181888, "date": 1626393417, "type": "buy", "price": 2356.23798, "amount": 0.04244053}
{"tid": 2181889, "date": 1626393427, "type": "sell", "price": 2345.78716, "amount": 0.4517758}
{"tid": 2181890, "date": 1626393427, "type": "sell", "price": 2345.78715, "amount": 1.79853035}
{"tid": 2181891, "date": 1626393866, "type": "buy", "price": 2355.65614, "amount": 0.05969462}
{"tid": 2181892, "date": 1626394081, "type": "sell", "price": 2345.78108, "amount": 0.05991594}
{"tid": 2181893, "date": 1626394081, "type": "sell", "price": 2345.78107, "amount": 0.33295037}
{"tid": 2181894, "date": 1626394081, "type": "sell", "price": 2345.78, "amount": 0.05}
{"tid": 2181895, "date": 1626394081, "type": "sell", "price": 2345, "amount": 0.2735565}
{"tid": 2181896, "date": 1626394081, "type": "sell", "price": 2340.17001, "amount": 0.26593055}
{"tid": 2181897, "date": 1626394099, "type": "buy", "price": 2355.53556, "amount": 0.05}
{"tid": 2181898, "date": 1626394252, "type": "buy", "price": 2354.99461, "amount": 0.02824417}
{"tid": 2181899, "date": 1626394310, "type": "sell", "price": 2340.80017, "amount": 0.01514746}
{"tid": 2181900, "date": 1626394336, "type": "sell", "price": 2344.21235, "amount": 0.02805582}
{"tid": 2181901, "date": 1626394485, "type": "buy", "price": 2355.45, "amount": 0.00364999}
{"tid": 2181902, "date": 1626394485, "type": "buy", "price": 2358.89993, "amount": 0.63820246}
{"tid": 2181903, "date": 1626394485, "type": "buy", "price": 2358.89994, "amount": 1.47778755}
{"tid": 2181904, "date": 1626394698, "type": "buy", "price": 2358.89994, "amount": 0.01271779}
{"tid": 2181905, "date": 1626394813, "type": "buy", "price": 2358.89994, "amount": 0.01597539}
{"tid": 2181906, "date": 1626394943, "type": "sell", "price": 2349.63345, "amount": 0.00171223}
{"tid": 2181907, "date": 1626394967, "type": "buy", "price": 2358.8998, "amount": 0.12717793}
{"tid": 2181908, "date": 1626394994, "type": "sell", "price": 2346.5389, "amount": 0.11225411}
{"tid": 2181909, "date": 1626395310, "type": "buy", "price": 2358.88972, "amount": 0.03447808}
{"tid": 2181910, "date": 1626395402, "type": "buy", "price": 2358.88958, "amount": 0.01266697}
{"tid": 2181911, "date": 1626395410, "type": "sell", "price": 2345.08063, "amount": 0.01270303}
{"tid": 2181912, "date": 1626395519, "type": "buy", "price": 2358.88936, "amount": 0.01899622}
{"tid": 2181913, "date": 1626395769, "type": "buy", "price": 2358.88893, "amount": 0.02119641}
{"tid": 2181914, "date": 1626396094, "type": "buy", "price": 2358.14787, "amount": 0.00785498}
{"tid": 2181915, "date": 1626396235, "type": "sell", "price": 2345.64515, "amount": 0.20375923}
{"tid": 2181916, "date": 1626396313, "type": "sell", "price": 2345.64515, "amount": 0.02031464}
{"tid": 2181917, "date": 1626396328, "type": "sell", "price": 2345.64515, "amount": 0.41540905}
{"tid": 2181918, "date": 1626396328, "type": "sell", "price": 2345.64514, "amount": 0.58413922}
{"tid": 2181919, "date": 1626396441, "type": "buy", "price": 2356.90597, "amount": 0.0424285}
{"tid": 2181920, "date": 1626396653, "type": "buy", "price": 2356.062, "amount": 0.0424437}
{"tid": 2181921, "date": 1626396916, "type": "sell", "price": 2345.64008, "amount": 0.01449535}
{"tid": 2181922, "date": 1626397067, "type": "buy", "price": 2355.52043, "amount": 0.01867952}
{"tid": 2181923, "date": 1626397070, "type": "sell", "price": 2345.64, "amount": 0.01065836}
{"tid": 2181924, "date": 1626397070, "type": "sell", "price": 2345, "amount": 0.01857621}
{"tid": 2181925, "date": 1626397191, "type": "sell", "price": 2345.00037, "amount": 0.00519613}
{"tid": 2181926, "date": 1626397426, "type": "sell", "price": 2349.04811, "amount": 0.00208943}
{"tid": 2181927, "date": 1626397427, "type": "buy", "price": 2358.89, "amount": 0.00207304}
{"tid": 2181928, "date": 1626397427, "type": "buy", "price": 2358.9, "amount": 0.01304418}
{"tid": 2181929, "date": 1626397616, "type": "buy", "price": 2358.89976, "amount": 0.121395}
{"tid": 2181930, "date": 1626397632, "type": "buy", "price": 2358.89976, "amount": 0.50428222}
{"tid": 2181931, "date": 1626397632, "type": "buy", "price": 2358.89989, "amount": 2.60979085}
{"tid": 2181932, "date": 1626397632, "type": "buy", "price": 2358.9, "amount": 0.00191719}
{"tid": 2181933, "date": 1626397632, "type": "buy", "price": 2358.9, "amount": 0.05169473}
{"tid": 2181934, "date": 1626397632, "type": "buy", "price": 2360, "amount": 6.58629246}
{"tid": 2181935, "date": 1626397632, "type": "buy", "price": 2360, "amount": 1.32502255}
{"tid": 2181936, "date": 1626397638, "type": "buy", "price": 2360, "amount": 0.00150416}
{"tid": 2181937, "date": 1626397673, "type": "sell", "price": 2360.02138, "amount": 0.03986977}
{"tid": 2181938, "date": 1626397850, "type": "buy", "price": 2380.55938, "amount": 0.04200693}
{"tid": 2181939, "date": 1626397931, "type": "sell", "price": 2357.18868, "amount": 0.01994}
{"tid": 2181940, "date": 1626398452, "type": "buy", "price": 2379.99991, "amount": 0.06302521}
{"tid": 2181941, "date": 1626398567, "type": "sell", "price": 2361.35466, "amount": 0.39652069}
{"tid": 2181942, "date": 1626398939, "type": "sell", "price": 2364.83491, "amount": 0.01632734}
{"tid": 2181943, "date": 1626399142, "type": "buy", "price": 2379.99876, "amount": 0.44681115}
{"tid": 2181944, "date": 1626399363, "type": "sell", "price": 2368.89104, "amount": 0.18887148}
{"tid": 2181945, "date": 1626400150, "type": "sell", "price": 2359.60552, "amount": 0.03104097}
{"tid": 2181946, "date": 1626400153, "type": "sell", "price": 2359.6056, "amount": 1.10942188}
{"tid": 2181947, "date": 1626400579, "type": "sell", "price": 2361.43378, "amount": 0.00485661}
{"tid": 2181948, "date": 1626400733, "type": "sell", "price": 2361.43429, "amount": 0.01804764}
{"tid": 2181949, "date": 1626401560, "type": "buy", "price": 2380.55, "amount": 0.00650223}
{"tid": 2181950, "date": 1626401560, "type": "buy", "price": 2381, "amount": 0.05779777}
{"tid": 2181951, "date": 1626401586, "type": "sell", "price": 2379.86062, "amount": 0.2}
{"tid": 2181952, "date": 1626401627, "type": "buy", "price": 2381, "amount": 2.824e-05}
{"tid": 2181953, "date": 1626401693, "type": "buy", "price": 2382.46, "amount": 0.0667}
{"tid": 2181954, "date": 1626401698, "type": "buy", "price": 2382.46, "amount": 9e-05}
{"tid": 2181955, "date": 1626401887, "type": "buy", "price": 2389.99852, "amount": 0.01757323}
{"tid": 2181956, "date": 1626402101, "type": "sell", "price": 2384.28248, "amount": 0.42468094}
{"tid": 2181957, "date": 1626402101, "type": "sell", "price": 2384.28247, "amount": 0.20425154}
{"tid": 2181958, "date": 1626402206, "type": "buy", "price": 2389.99623, "amount": 0.02092053}
{"tid": 2181959, "date": 1626402429, "type": "sell", "price": 2384.28, "amount": 0.0039}
{"tid": 2181960, "date": 1626402429, "type": "sell", "price": 2382.46, "amount": 0.12641922}
{"tid": 2181961, "date": 1626402429, "type": "sell", "price": 2371.09716, "amount": 0.12434663}
{"tid": 2181962, "date": 1626402625, "type": "sell", "price": 2372.79691, "amount": 0.0151855}
{"tid": 2181963, "date": 1626402693, "type": "sell", "price": 2373.73604, "amount": 0.10049309}
{"tid": 2181964, "date": 1626402966, "type": "buy", "price": 2388.99749, "amount": 0.00523232}
{"tid": 2181965, "date": 1626404814, "type": "buy", "price": 2388.93923, "amount": 0.00837191}
{"tid": 2181966, "date": 1626404817, "type": "buy", "price": 2388.93921, "amount": 0.07989121}
{"tid": 2181967, "date": 1626405301, "type": "buy", "price": 2390, "amount": 0.002}
{"tid": 2181968, "date": 1626405480, "type": "sell", "price": 2384.60073, "amount": 0.04161515}
{"tid": 2181969, "date": 1626405757, "type": "buy", "price": 2397.48951, "amount": 0.08607754}
{"tid": 2181970, "date": 1626406504, "type": "buy", "price": 2397.46985, "amount": 0.08342127}
{"tid": 2181971, "date": 1626407017, "type": "buy", "price": 2397.4608, "amount": 0.20855398}
{"tid": 2181972, "date": 1626407424, "type": "sell", "price": 2392.49718, "amount": 0.01234566}
{"tid": 2181973, "date": 1626407450, "type": "sell", "price": 2392.69736, "amount": 0.003}
{"tid": 2181974, "date": 1626407458, "type": "sell", "price": 2392.71741, "amount": 0.001}
{"tid": 2181975, "date": 1626407522, "type": "buy", "price": 2397.45204, "amount": 1.3330175}
{"tid": 2181976, "date": 1626407522, "type": "buy", "price": 2397.45208, "amount": 0.53577284}
{"tid": 2181977, "date": 1626407522, "type": "buy", "price": 2397.48, "amount": 0.00731134}
{"tid": 2181978, "date": 1626407522, "type": "buy", "price": 2397.5, "amount": 0.5315979}
{"tid": 2181979, "date": 1626407571, "type": "buy", "price": 2397.49994, "amount": 0.01619603}
{"tid": 2181980, "date": 1626407642, "type": "sell", "price": 2392.33057, "amount": 0.01}
{"tid": 2181981, "date": 1626407711, "type": "sell", "price": 2392.6509, "amount": 0.01}
{"tid": 2181982, "date": 1626408032, "type": "sell", "price": 2392.65, "amount": 0.02030384}
{"tid": 2181983, "date": 1626408032, "type": "sell", "price": 2391.77, "amount": 0.001}
{"tid": 2181984, "date": 1626408032, "type": "sell", "price": 2385.21881, "amount": 0.01935337}
{"tid": 2181985, "date": 1626408321, "type": "buy", "price": 2392.65, "amount": 0.03725994}
{"tid": 2181986, "date": 1626410113, "type": "buy", "price": 2392.65, "amount": 0.0070424}
{"tid": 2181987, "date": 1626410157, "type": "sell", "price": 2386.95459, "amount": 0.00711247}
{"tid": 2181988, "date": 1626410223, "type": "buy", "price": 2392.64988, "amount": 0.00417946}
{"tid": 2181989, "date": 1626411185, "type": "buy", "price": 2392.64925, "amount": 0.02055044}
{"tid": 2181990, "date": 1626411470, "type": "sell", "price": 2392.6487, "amount": 0.41}
{"tid": 2181991, "date": 1626411638, "type": "buy", "price": 2392.64992, "amount": 0.01171772}
{"tid": 2181992, "date": 1626411638, "type": "buy", "price": 2392.64993, "amount": 0.42106993}
{"tid": 2181993, "date": 1626413376, "type": "sell", "price": 2383.00096, "amount": 0.01372688}
{"tid": 2181994, "date": 1626414831, "type": "buy", "price": 2390.09268, "amount": 0.00615457}
{"tid": 2181995, "date": 1626415084, "type": "sell", "price": 2383.00367, "amount": 0.00992669}
{"tid": 2181996, "date": 1626415636, "type": "sell", "price": 2383.00373, "amount": 0.42410829}
{"tid": 2181997, "date": 1626416225, "type": "sell", "price": 2383.00096, "amount": 0.61573153}
{"tid": 2181998, "date": 1626416225, "type": "sell", "price": 2383.00095, "amount": 1.97470968}
{"tid": 2181999, "date": 1626416225, "type": "sell", "price": 2383, "amount": 0.22105879}
{"tid": 2182000, "date": 1626416230, "type": "sell", "price": 2383, "amount": 9.102e-05}
{"tid": 2182001, "date": 1626417334, "type": "sell", "price": 2359.60001, "amount": 0.47867621}
{"tid": 2182002, "date": 1626417386, "type": "sell", "price": 2359.60001, "amount": 0.96875038}
{"tid": 2182003, "date": 1626419123, "type": "sell", "price": 2359.6, "amount": 0.02199397}
{"tid": 2182004, "date": 1626420003, "type": "sell", "price": 2359.6, "amount": 0.00398801}
{"tid": 2182005, "date": 1626421409, "type": "sell", "price": 2359.6, "amount": 0.0611}
{"tid": 2182006, "date": 1626421416, "type": "sell", "price": 2359.6, "amount": 2.176e-05}
{"tid": 2182007, "date": 1626423161, "type": "sell", "price": 2340.17007, "amount": 1.4800097}
{"tid": 2182008, "date": 1626423161, "type": "sell", "price": 2340.17, "amount": 1}
{"tid": 2182009, "date": 1626423161, "type": "sell", "price": 2340.1, "amount": 0.00264518}
{"tid": 2182010, "date": 1626423161, "type": "sell", "price": 2340.08, "amount": 0.03}
{"tid": 2182011, "date": 1626423161, "type": "sell", "price": 2339, "amount": 0.016}
{"tid": 2182012, "date": 1626423161, "type": "sell", "price": 2332.00001, "amount": 2.46084516}
{"tid": 2182013, "date": 1626424148, "type": "sell", "price": 2330, "amount": 0.00195042}
{"tid": 2182014, "date": 1626424543, "type": "sell", "price": 2330, "amount": 0.0357901}
{"tid": 2182015, "date": 1626424548, "type": "buy", "price": 2336.60506, "amount": 0.00604229}
{"tid": 2182016, "date": 1626424560, "type": "buy", "price": 2336.48453, "amount": 0.14128902}
{"tid": 2182017, "date": 1626424644, "type": "sell", "price": 2330, "amount": 0.0213838}
{"tid": 2182018, "date": 1626424941, "type": "sell", "price": 2330, "amount": 0.9488}
{"tid": 2182019, "date": 1626424949, "type": "sell", "price": 2330, "amount": 4.134e-05}
{"tid": 2182020, "date": 1626425016, "type": "sell", "price": 2321, "amount": 0.20363636}
{"tid": 2182021, "date": 1626425016, "type": "sell", "price": 2315.08, "amount": 0.01699364}
{"tid": 2182022, "date": 1626425151, "type": "sell", "price": 2315.08, "amount": 0.03902602}
{"tid": 2182023, "date": 1626425151, "type": "sell", "price": 2315, "amount": 0.18197398}
{"tid": 2182024, "date": 1626425167, "type": "sell", "price": 2315, "amount": 0.22105}
{"tid": 2182025, "date": 1626425230, "type": "buy", "price": 2316.44313, "amount": 0.00431696}
{"tid": 2182026, "date": 1626425267, "type": "sell", "price": 2315, "amount": 0.14636262}
{"tid": 2182027, "date": 1626426573, "type": "sell", "price": 2311.00187, "amount": 0.01001966}
{"tid": 2182028, "date": 1626426606, "type": "sell", "price": 2311, "amount": 0.038}
{"tid": 2182029, "date": 1626427337, "type": "sell", "price": 2301.01111, "amount": 0.01891428}
{"tid": 2182030, "date": 1626427448, "type": "buy", "price": 2310.71953, "amount": 0.03272573}
{"tid": 2182031, "date": 1626427796, "type": "buy", "price": 2310.71592, "amount": 0.01298298}
{"tid": 2182032, "date": 1626430351, "type": "sell", "price": 2302.00006, "amount": 0.16930124}
{"tid": 2182033, "date": 1626430351, "type": "sell", "price": 2302.00005, "amount": 0.05709021}
{"tid": 2182034, "date": 1626430351, "type": "sell", "price": 2302, "amount": 0.043441}
{"tid": 2182035, "date": 1626430351, "type": "sell", "price": 2301, "amount": 0.43502824}
{"tid": 2182036, "date": 1626430351, "type": "sell", "price": 2300.01, "amount": 0.18074013}
{"tid": 2182037, "date": 1626430351, "type": "sell", "price": 2300.01, "amount": 0.43478072}
{"tid": 2182038, "date": 1626430351, "type": "sell", "price": 2300, "amount": 0.02}
{"tid": 2182039, "date": 1626430351, "type": "sell", "price": 2300, "amount": 0.001}
{"tid": 2182040, "date": 1626430351, "type": "sell", "price": 2300, "amount": 0.04}
{"tid": 2182041, "date": 1626430351, "type": "sell", "price": 2300, "amount": 0.002}
{"tid": 2182042, "date": 1626430351, "type": "sell", "price": 2300, "amount": 0.25}
{"tid": 2182043, "date": 1626430351, "type": "sell", "price": 2300, "amount": 0.00869565}
{"tid": 2182044, "date": 1626430351, "type": "sell", "price": 2300, "amount": 1.0638882}
{"tid": 2182045, "date": 1626430434, "type": "sell", "price": 2300, "amount": 0.14957216}
{"tid": 2182046, "date": 1626430577, "type": "buy", "price": 2307.76025, "amount": 0.04679809}
{"tid": 2182047, "date": 1626430936, "type": "sell", "price": 2300.00001, "amount": 0.04693251}
{"tid": 2182048, "date": 1626430936, "type": "sell", "price": 2300, "amount": 2.02125703}
{"tid": 2182049, "date": 1626430936, "type": "sell", "price": 2300, "amount": 0.02}
{"tid": 2182050, "date": 1626430936, "type": "sell", "price": 2300, "amount": 0.02154347}
{"tid": 2182051, "date": 1626430936, "type": "sell", "price": 2300, "amount": 0.04996699}
{"tid": 2182052, "date": 1626430971, "type": "buy", "price": 2306.16829, "amount": 0.00433619}
{"tid": 2182053, "date": 1626431076, "type": "sell", "price": 2300, "amount": 3.301e-05}
{"tid": 2182054, "date": 1626431271, "type": "sell", "price": 2290, "amount": 0.044}
{"tid": 2182055, "date": 1626431271, "type": "sell", "price": 2290, "amount": 0.0436}
{"tid": 2182056, "date": 1626431598, "type": "sell", "price": 2290, "amount": 6.812e-05}
{"tid": 2182057, "date": 1626431598, "type": "sell", "price": 2283, "amount": 0.0012}
{"tid": 2182058, "date": 1626431598, "type": "sell", "price": 2280.00001, "amount": 1.41022451}
{"tid": 2182059, "date": 1626431868, "type": "buy", "price": 2292.57061, "amount": 0.01047331}
{"tid": 2182060, "date": 1626432494, "type": "buy", "price": 2290.55755, "amount": 1.30972478}
{"tid": 2182061, "date": 1626432702, "type": "buy", "price": 2288.43173, "amount": 0.04369804}
{"tid": 2182062, "date": 1626432815, "type": "sell", "price": 2280, "amount": 0.00205701}
{"tid": 2182063, "date": 1626432815, "type": "sell", "price": 2280, "amount": 0.04825676}
{"tid": 2182064, "date": 1626432936, "type": "buy", "price": 2287.18991, "amount": 0.58568376}
{"tid": 2182065, "date": 1626433235, "type": "buy", "price": 2290.38488, "amount": 0.00779344}
{"tid": 2182066, "date": 1626433265, "type": "sell", "price": 2280.0007, "amount": 0.00511207}
{"tid": 2182067, "date": 1626433294, "type": "buy", "price": 2289.88403, "amount": 0.00805639}
{"tid": 2182068, "date": 1626433519, "type": "buy", "price": 2288.51589, "amount": 0.65639476}
{"tid": 2182069, "date": 1626433572, "type": "buy", "price": 2289.88, "amount": 0.19023162}
{"tid": 2182070, "date": 1626434915, "type": "buy", "price": 2287.20163, "amount": 0.03}
{"tid": 2182071, "date": 1626435415, "type": "buy", "price": 2286.1826, "amount": 0.02563039}
{"tid": 2182072, "date": 1626435492, "type": "sell", "price": 2280.01873, "amount": 0.19940001}
{"tid": 2182073, "date": 1626435961, "type": "sell", "price": 2280.02167, "amount": 0.49686806}
{"tid": 2182074, "date": 1626436090, "type": "buy", "price": 2285.4269, "amount": 0.00437555}
{"tid": 2182075, "date": 1626436111, "type": "sell", "price": 2280.02292, "amount": 0.18780723}
{"tid": 2182076, "date": 1626436297, "type": "buy", "price": 2285.4269, "amount": 0.03639137}
{"tid": 2182077, "date": 1626436297, "type": "buy", "price": 2285.42691, "amount": 0.105814}
{"tid": 2182078, "date": 1626436305, "type": "buy", "price": 2285.42691, "amount": 0.0437555}
{"tid": 2182079, "date": 1626436348, "type": "buy", "price": 2285.42691, "amount": 0.01745844}
{"tid": 2182080, "date": 1626436366, "type": "sell", "price": 2280.0267, "amount": 0.20709411}
{"tid": 2182081, "date": 1626436573, "type": "buy", "price": 2285.43412, "amount": 0.01689832}
{"tid": 2182082, "date": 1626436613, "type": "buy", "price": 2285.43431, "amount": 0.00437553}
{"tid": 2182083, "date": 1626437049, "type": "buy", "price": 2285.43431, "amount": 0.43755797}
{"tid": 2182084, "date": 1626437418, "type": "sell", "price": 2285.43, "amount": 0.80975273}
{"tid": 2182085, "date": 1626437542, "type": "sell", "price": 2285.43, "amount": 0.00261373}
{"tid": 2182086, "date": 1626437548, "type": "buy", "price": 2285.43431, "amount": 0.21877679}
{"tid": 2182087, "date": 1626437577, "type": "sell", "price": 2285.43, "amount": 0.00261374}
{"tid": 2182088, "date": 1626437680, "type": "sell", "price": 2285.43002, "amount": 0.02040659}
{"tid": 2182089, "date": 1626437993, "type": "buy", "price": 2285.43431, "amount": 0.02187767}
{"tid": 2182090, "date": 1626438023, "type": "buy", "price": 2285.43431, "amount": 1.15608022}
{"tid": 2182091, "date": 1626438023, "type": "buy", "price": 2285.4347, "amount": 0.15461978}
{"tid": 2182092, "date": 1626438041, "type": "sell", "price": 2285.43001, "amount": 0.02886546}
{"tid": 2182093, "date": 1626438149, "type": "sell", "price": 2285.43001, "amount": 0.03527816}
{"tid": 2182094, "date": 1626438253, "type": "buy", "price": 2285.4347, "amount": 2.88e-05}
{"tid": 2182095, "date": 1626438253, "type": "buy", "price": 2288.06, "amount": 0.00434174}
{"tid": 2182096, "date": 1626438306, "type": "buy", "price": 2288.06, "amount": 0.1673207}
{"tid": 2182097, "date": 1626438380, "type": "buy", "price": 2289.87999, "amount": 0.06411156}
{"tid": 2182098, "date": 1626438380, "type": "buy", "price": 2289.88, "amount": 0.25976838}
{"tid": 2182099, "date": 1626438413, "type": "buy", "price": 2292.54997, "amount": 0.20378836}
{"tid": 2182100, "date": 1626438430, "type": "buy", "price": 2292.54996, "amount": 0.00436195}
{"tid": 2182101, "date": 1626438745, "type": "sell", "price": 2285.43252, "amount": 0.00384585}
{"tid": 2182102, "date": 1626439086, "type": "sell", "price": 2285.43252, "amount": 0.43114148}
{"tid": 2182103, "date": 1626439332, "type": "sell", "price": 2285.43252, "amount": 0.19388743}
{"tid": 2182104, "date": 1626439451, "type": "sell", "price": 2285.43252, "amount": 0.00074152}
{"tid": 2182105, "date": 1626439451, "type": "sell", "price": 2285.43251, "amount": 2.18776928}
{"tid": 2182106, "date": 1626439451, "type": "sell", "price": 2285.43, "amount": 0.20233491}
{"tid": 2182107, "date": 1626439528, "type": "sell", "price": 2285.43, "amount": 0.98268489}
{"tid": 2182108, "date": 1626439528, "type": "sell", "price": 2285.43, "amount": 0.02000001}
{"tid": 2182109, "date": 1626439528, "type": "sell", "price": 2281, "amount": 0.04932047}
{"tid": 2182110, "date": 1626439528, "type": "sell", "price": 2280.01, "amount": 0.04385945}
{"tid": 2182111, "date": 1626439528, "type": "sell", "price": 2266.28001, "amount": 0.10743167}
{"tid": 2182112, "date": 1626439561, "type": "sell", "price": 2266.42097, "amount": 0.00987031}
{"tid": 2182113, "date": 1626439712, "type": "buy", "price": 2291.0375, "amount": 0.04364834}
{"tid": 2182114, "date": 1626439959, "type": "sell", "price": 2266.28018, "amount": 0.05529532}
{"tid": 2182115, "date": 1626440018, "type": "sell", "price": 2273.19318, "amount": 1.00030459}
{"tid": 2182116, "date": 1626440136, "type": "buy", "price": 2287.39726, "amount": 0.00437178}
{"tid": 2182117, "date": 1626440172, "type": "buy", "price": 2287.25708, "amount": 0.01765433}
{"tid": 2182118, "date": 1626440231, "type": "buy", "price": 2287.11679, "amount": 0.00918186}
{"tid": 2182119, "date": 1626440243, "type": "buy", "price": 2287.11679, "amount": 0.59809351}
{"tid": 2182120, "date": 1626440243, "type": "buy", "price": 2287.1168, "amount": 2.18710649}
{"tid": 2182121, "date": 1626440245, "type": "buy", "price": 2287.1168, "amount": 6.52e-06}
{"tid": 2182122, "date": 1626440270, "type": "buy", "price": 2292.55, "amount": 0.00436195}
{"tid": 2182123, "date": 1626440427, "type": "buy", "price": 2292.55, "amount": 0.0112}
{"tid": 2182124, "date": 1626440429, "type": "buy", "price": 2292.55, "amount": 7.889e-05}
{"tid": 2182125, "date": 1626440480, "type": "buy", "price": 2310.8799, "amount": 0.00540919}
{"tid": 2182126, "date": 1626440538, "type": "buy", "price": 2310.8799, "amount": 0.01737241}
{"tid": 2182127, "date": 1626440548, "type": "buy", "price": 2310.8799, "amount": 0.86547119}
{"tid": 2182128, "date": 1626441001, "type": "buy", "price": 2311, "amount": 0.04099512}
{"tid": 2182129, "date": 1626441001, "type": "buy", "price": 2333.4509, "amount": 0.00225429}
{"tid": 2182130, "date": 1626441154, "type": "sell", "price": 2333.45, "amount": 0.001}
{"tid": 2182131, "date": 1626441156, "type": "buy", "price": 2333.45015, "amount": 1.3243709}
{"tid": 2182132, "date": 1626441156, "type": "buy", "price": 2333.45028, "amount": 2.24143474}
{"tid": 2182133, "date": 1626441160, "type": "buy", "price": 2333.45028, "amount": 0.00446549}
{"tid": 2182134, "date": 1626441198, "type": "buy", "price": 2333.45028, "amount": 0.00664252}
{"tid": 2182135, "date": 1626441269, "type": "buy", "price": 2333.44988, "amount": 0.0214275}
{"tid": 2182136, "date": 1626441286, "type": "buy", "price": 2333.44988, "amount": 0.001}
{"tid": 2182137, "date": 1626441425, "type": "sell", "price": 2308.15841, "amount": 0.13727346}
{"tid": 2182138, "date": 1626441591, "type": "sell", "price": 2309.28045, "amount": 0.17796215}
{"tid": 2182139, "date": 1626441690, "type": "sell", "price": 2310.08259, "amount": 3.17082577}
{"tid": 2182140, "date": 1626441725, "type": "buy", "price": 2331.94748, "amount": 0.0214413}
{"tid": 2182141, "date": 1626441862, "type": "buy", "price": 2331.73968, "amount": 0.0175191}
{"tid": 2182142, "date": 1626441987, "type": "sell", "price": 2312.16611, "amount": 0.00550032}
{"tid": 2182143, "date": 1626442030, "type": "buy", "price": 2331.73893, "amount": 0.10721611}
{"tid": 2182144, "date": 1626442181, "type": "buy", "price": 2331.72979, "amount": 0.0214433}
{"tid": 2182145, "date": 1626442496, "type": "sell", "price": 2331.71, "amount": 0.00112792}
{"tid": 2182146, "date": 1626442648, "type": "sell", "price": 2319.36267, "amount": 0.15791087}
{"tid": 2182147, "date": 1626442741, "type": "buy", "price": 2324.99996, "amount": 0.12903226}
{"tid": 2182148, "date": 1626442916, "type": "sell", "price": 2306.05409, "amount": 0.07163981}
{"tid": 2182149, "date": 1626442984, "type": "sell", "price": 2306.71739, "amount": 0.00443424}
{"tid": 2182150, "date": 1626443414, "type": "sell", "price": 2310.35428, "amount": 1.09721743}
{"tid": 2182151, "date": 1626443503, "type": "buy", "price": 2324.99883, "amount": 0.25699996}
{"tid": 2182152, "date": 1626443556, "type": "buy", "price": 2324.99913, "amount": 0.25075278}
{"tid": 2182153, "date": 1626443730, "type": "buy", "price": 2324.05359, "amount": 2.24634234}
{"tid": 2182154, "date": 1626444216, "type": "sell", "price": 2305.31326, "amount": 0.04229791}
{"tid": 2182155, "date": 1626444277, "type": "buy", "price": 2324.43342, "amount": 0.00688769}
{"tid": 2182156, "date": 1626444582, "type": "buy", "price": 2323.62615, "amount": 0.02151809}
{"tid": 2182157, "date": 1626444731, "type": "sell", "price": 2307.23577, "amount": 0.0169342}
{"tid": 2182158, "date": 1626445026, "type": "buy", "price": 2323.36218, "amount": 0.07111645}
{"tid": 2182159, "date": 1626445026, "type": "buy", "price": 2323.36221, "amount": 1.00491034}
{"tid": 2182160, "date": 1626445060, "type": "sell", "price": 2307.32579, "amount": 0.06276706}
{"tid": 2182161, "date": 1626445294, "type": "sell", "price": 2307.91585, "amount": 0.00646514}
{"tid": 2182162, "date": 1626445361, "type": "buy", "price": 2324.87743, "amount": 0.00646191}
{"tid": 2182163, "date": 1626445361, "type": "buy", "price": 2324.87744, "amount": 0.16559017}
{"tid": 2182164, "date": 1626445379, "type": "buy", "price": 2324.93788, "amount": 0.01290357}
{"tid": 2182165, "date": 1626445435, "type": "sell", "price": 2324.87, "amount": 0.0047}
{"tid": 2182166, "date": 1626445459, "type": "buy", "price": 2324.91774, "amount": 0.10753068}
{"tid": 2182167, "date": 1626445679, "type": "buy", "price": 2324.91, "amount": 0.01214413}
{"tid": 2182168, "date": 1626445702, "type": "sell", "price": 2324.9177, "amount": 0.06401243}
{"tid": 2182169, "date": 1626445990, "type": "sell", "price": 2324.9177, "amount": 0.02384344}
{"tid": 2182170, "date": 1626445990, "type": "sell", "price": 2324.87, "amount": 0.01545656}
{"tid": 2182171, "date": 1626445992, "type": "sell", "price": 2324.87, "amount": 4.546e-05}
{"tid": 2182172, "date": 1626446091, "type": "sell", "price": 2300.88557, "amount": 0.0359}
{"tid": 2182173, "date": 1626446520, "type": "buy", "price": 2322.21427, "amount": 0.03588923}
{"tid": 2182174, "date": 1626446520, "type": "buy", "price": 2322.21479, "amount": 0.02870428}
{"tid": 2182175, "date": 1626446525, "type": "sell", "price": 2302.68142, "amount": 0.04086393}
{"tid": 2182176, "date": 1626446729, "type": "buy", "price": 2321.77138, "amount": 0.01076764}
{"tid": 2182177, "date": 1626446949, "type": "sell", "price": 2304.97675, "amount": 0.12382753}
{"tid": 2182178, "date": 1626446991, "type": "sell", "price": 2304.97708, "amount": 0.11935378}
{"tid": 2182179, "date": 1626447146, "type": "buy", "price": 2321.73764, "amount": 0.01444474}
{"tid": 2182180, "date": 1626447364, "type": "buy", "price": 2321.27361, "amount": 0.04307979}
{"tid": 2182181, "date": 1626447631, "type": "sell", "price": 2301.52252, "amount": 0.01434363}
{"tid": 2182182, "date": 1626447920, "type": "sell", "price": 2303.03328, "amount": 0.02567538}
{"tid": 2182183, "date": 1626447965, "type": "buy", "price": 2319.8852, "amount": 0.04310558}
{"tid": 2182184, "date": 1626448292, "type": "sell", "price": 2303.24488, "amount": 0.50324589}
{"tid": 2182185, "date": 1626448292, "type": "sell", "price": 2303.24487, "amount": 1.72737206}
{"tid": 2182186, "date": 1626448303, "type": "sell", "price": 2303.28504, "amount": 0.01688832}
{"tid": 2182187, "date": 1626448949, "type": "buy", "price": 2319.8187, "amount": 0.02959038}
{"tid": 2182188, "date": 1626449387, "type": "sell", "price": 2303.70947, "amount": 1}
{"tid": 2182189, "date": 1626449405, "type": "buy", "price": 2322.07254, "amount": 0.01856961}
{"tid": 2182190, "date": 1626449436, "type": "sell", "price": 2304.21198, "amount": 0.01102096}
{"tid": 2182191, "date": 1626449765, "type": "sell", "price": 2306.6885, "amount": 0.01778017}
{"tid": 2182192, "date": 1626449803, "type": "buy", "price": 2322.06168, "amount": 0.12919553}
{"tid": 2182193, "date": 1626450032, "type": "buy", "price": 2322.05698, "amount": 0.21532632}
{"tid": 2182194, "date": 1626450340, "type": "buy", "price": 2322.05209, "amount": 0.43065356}
{"tid": 2182195, "date": 1626450340, "type": "buy", "price": 2322.05209, "amount": 0.90092284}
{"tid": 2182196, "date": 1626450340, "type": "buy", "price": 2322.05211, "amount": 0.6059282}
{"tid": 2182197, "date": 1626450340, "type": "buy", "price": 2322.05225, "amount": 1.72685384}
{"tid": 2182198, "date": 1626450340, "type": "buy", "price": 2322.05259, "amount": 1.2020264}
{"tid": 2182199, "date": 1626450363, "type": "sell", "price": 2322.05, "amount": 0.0429}
{"tid": 2182200, "date": 1626450382, "type": "sell", "price": 2322.05, "amount": 0.00016539}
{"tid": 2182201, "date": 1626450643, "type": "buy", "price": 2322.05, "amount": 0.05}
{"tid": 2182202, "date": 1626450776, "type": "sell", "price": 2310.98564, "amount": 0.007}
{"tid": 2182203, "date": 1626451216, "type": "buy", "price": 2322.05, "amount": 0.00430653}
{"tid": 2182204, "date": 1626451538, "type": "sell", "price": 2312.20464, "amount": 0.0185}
{"tid": 2182205, "date": 1626451751, "type": "buy", "price": 2322.04996, "amount": 0.01291961}
{"tid": 2182206, "date": 1626451773, "type": "buy", "price": 2322.04996, "amount": 0.12919618}
{"tid": 2182207, "date": 1626452386, "type": "buy", "price": 2322.04998, "amount": 0.99050408}
{"tid": 2182208, "date": 1626452419, "type": "sell", "price": 2311.4453, "amount": 0.18234865}
{"tid": 2182209, "date": 1626452510, "type": "sell", "price": 2311.4453, "amount": 0.31439384}
{"tid": 2182210, "date": 1626452657, "type": "sell", "price": 2311.4453, "amount": 0.03727149}
{"tid": 2182211, "date": 1626452780, "type": "buy", "price": 2322.04941, "amount": 0.00681294}
{"tid": 2182212, "date": 1626452804, "type": "buy", "price": 2322.04941, "amount": 0.00511186}
{"tid": 2182213, "date": 1626453453, "type": "sell", "price": 2313.37316, "amount": 0.01493383}
{"tid": 2182214, "date": 1626453495, "type": "buy", "price": 2322.05, "amount": 0.01379576}
{"tid": 2182215, "date": 1626453495, "type": "buy", "price": 2324.99, "amount": 0.00628499}
{"tid": 2182216, "date": 1626453495, "type": "buy", "price": 2331.72976, "amount": 0.19442776}
{"tid": 2182217, "date": 1626453708, "type": "buy", "price": 2331.72944, "amount": 0.31039192}
{"tid": 2182218, "date": 1626453902, "type": "buy", "price": 2331.72925, "amount": 0.09863923}
{"tid": 2182219, "date": 1626454026, "type": "buy", "price": 2331.72907, "amount": 0.2287552}
{"tid": 2182220, "date": 1626454026, "type": "buy", "price": 2331.72908, "amount": 0.19594251}
{"tid": 2182221, "date": 1626454537, "type": "buy", "price": 2331.72952, "amount": 0.00428866}
{"tid": 2182222, "date": 1626454657, "type": "buy", "price": 2331.72953, "amount": 0.02144331}
{"tid": 2182223, "date": 1626454734, "type": "buy", "price": 2331.72952, "amount": 0.00458457}
{"tid": 2182224, "date": 1626454769, "type": "buy", "price": 2331.72952, "amount": 0.00634721}
{"tid": 2182225, "date": 1626455401, "type": "sell", "price": 2319.14143, "amount": 0.00401987}
{"tid": 2182226, "date": 1626455574, "type": "sell", "price": 2320.24518, "amount": 0.17842643}
{"tid": 2182227, "date": 1626455955, "type": "sell", "price": 2321.00312, "amount": 0.14955}
{"tid": 2182228, "date": 1626455970, "type": "buy", "price": 2331.71998, "amount": 0.14947523}
{"tid": 2182229, "date": 1626455970, "type": "buy", "price": 2331.71999, "amount": 1.16162079}
{"tid": 2182230, "date": 1626455970, "type": "buy", "price": 2331.72, "amount": 0.11061179}
{"tid": 2182231, "date": 1626455970, "type": "buy", "price": 2331.72, "amount": 0.012961}
{"tid": 2182232, "date": 1626455970, "type": "buy", "price": 2331.72953, "amount": 2.85399913}
{"tid": 2182233, "date": 1626456012, "type": "sell", "price": 2321.00312, "amount": 0.02959001}
{"tid": 2182234, "date": 1626456028, "type": "sell", "price": 2321.00312, "amount": 0.0038883}
{"tid": 2182235, "date": 1626456146, "type": "buy", "price": 2331.72934, "amount": 0.00457716}
{"tid": 2182236, "date": 1626456163, "type": "buy", "price": 2331.72928, "amount": 0.02144331}
{"tid": 2182237, "date": 1626456683, "type": "sell", "price": 2330.6082, "amount": 0.006}
{"tid": 2182238, "date": 1626456683, "type": "sell", "price": 2330.6082, "amount": 8e-06}
{"tid": 2182239, "date": 1626456793, "type": "sell", "price": 2314.26179, "amount": 0.22}
{"tid": 2182240, "date": 1626456867, "type": "sell", "price": 2314.26347, "amount": 0.62354902}
{"tid": 2182241, "date": 1626456867, "type": "sell", "price": 2314.26346, "amount": 2.16050383}
{"tid": 2182242, "date": 1626456867, "type": "sell", "price": 2314.2633, "amount": 3.40704715}
{"tid": 2182243, "date": 1626456872, "type": "sell", "price": 2314.2633, "amount": 3.95e-06}
{"tid": 2182244, "date": 1626457240, "type": "sell", "price": 2310.98, "amount": 0.00869474}
{"tid": 2182245, "date": 1626457240, "type": "sell", "price": 2291.99615, "amount": 0.01259847}
{"tid": 2182246, "date": 1626457253, "type": "sell", "price": 2292.01653, "amount": 0.05022003}
{"tid": 2182247, "date": 1626457625, "type": "buy", "price": 2312.86137, "amount": 0.04323648}
{"tid": 2182248, "date": 1626457673, "type": "sell", "price": 2292.86137, "amount": 0.54983398}
{"tid": 2182249, "date": 1626458045, "type": "buy", "price": 2311.88006, "amount": 0.00432548}
{"tid": 2182250, "date": 1626458309, "type": "sell", "price": 2300.10756, "amount": 0.00668981}
{"tid": 2182251, "date": 1626458369, "type": "buy", "price": 2311.45946, "amount": 0.02163135}
{"tid": 2182252, "date": 1626458726, "type": "buy", "price": 2310.75873, "amount": 0.00649137}
{"tid": 2182253, "date": 1626459086, "type": "buy", "price": 2309.75737, "amount": 0.10823647}
{"tid": 2182254, "date": 1626459713, "type": "buy", "price": 2309.59518, "amount": 0.03507108}
{"tid": 2182255, "date": 1626459774, "type": "sell", "price": 2297.75295, "amount": 0.34963504}
{"tid": 2182256, "date": 1626460050, "type": "sell", "price": 2297.8191, "amount": 0.18164634}
{"tid": 2182257, "date": 1626460073, "type": "buy", "price": 2309.59367, "amount": 0.00540354}
{"tid": 2182258, "date": 1626460154, "type": "buy", "price": 2309.59181, "amount": 0.02331147}
{"tid": 2182259, "date": 1626460349, "type": "buy", "price": 2309.58854, "amount": 0.0203}
{"tid": 2182260, "date": 1626460575, "type": "buy", "price": 2309.58509, "amount": 0.02164891}
{"tid": 2182261, "date": 1626460616, "type": "buy", "price": 2309.58491, "amount": 0.01731912}
{"tid": 2182262, "date": 1626460633, "type": "buy", "price": 2309.58491, "amount": 0.03463825}
{"tid": 2182263, "date": 1626460737, "type": "buy", "price": 2328.35894, "amount": 0.08711285}
{"tid": 2182264, "date": 1626460879, "type": "buy", "price": 2328.35584, "amount": 0.00817744}
{"tid": 2182265, "date": 1626461063, "type": "buy", "price": 2328.35074, "amount": 0.08589771}
{"tid": 2182266, "date": 1626461245, "type": "buy", "price": 2328.34602, "amount": 0.01073723}
{"tid": 2182267, "date": 1626461429, "type": "buy", "price": 2328.34198, "amount": 0.04294901}
{"tid": 2182268, "date": 1626461699, "type": "buy", "price": 2326.61115, "amount": 0.00439798}
{"tid": 2182269, "date": 1626462216, "type": "sell", "price": 2303.03948, "amount": 0.00828026}
{"tid": 2182270, "date": 1626462573, "type": "buy", "price": 2320.44492, "amount": 0.38531669}
{"tid": 2182271, "date": 1626462573, "type": "buy", "price": 2320.44493, "amount": 0.18376689}
{"tid": 2182272, "date": 1626462607, "type": "sell", "price": 2303.90817, "amount": 0.01628793}
{"tid": 2182273, "date": 1626463106, "type": "buy", "price": 2320.44392, "amount": 0.0646428}
{"tid": 2182274, "date": 1626463185, "type": "buy", "price": 2320.44378, "amount": 0.0215476}
{"tid": 2182275, "date": 1626463635, "type": "buy", "price": 2320.44284, "amount": 0.00943785}
{"tid": 2182276, "date": 1626463824, "type": "buy", "price": 2320.44248, "amount": 0.00754166}
{"tid": 2182277, "date": 1626464112, "type": "sell", "price": 2304.16826, "amount": 0.035}
{"tid": 2182278, "date": 1626464574, "type": "buy", "price": 2318.49951, "amount": 0.00431313}
{"tid": 2182279, "date": 1626465100, "type": "buy", "price": 2316.71727, "amount": 0.0172658}
{"tid": 2182280, "date": 1626465129, "type": "sell", "price": 2304.19115, "amount": 0.25520097}
{"tid": 2182281, "date": 1626465209, "type": "sell", "price": 2304.19233, "amount": 0.19217031}
{"tid": 2182282, "date": 1626465763, "type": "buy", "price": 2314.59355, "amount": 0.19207423}
{"tid": 2182283, "date": 1626465763, "type": "buy", "price": 2314.59356, "amount": 0.67200836}
{"tid": 2182284, "date": 1626466139, "type": "buy", "price": 2314.5895, "amount": 0.00432042}
{"tid": 2182285, "date": 1626466408, "type": "buy", "price": 2314.59, "amount": 0.00432041}
{"tid": 2182286, "date": 1626466596, "type": "buy", "price": 2314.59, "amount": 0.02051171}
{"tid": 2182287, "date": 1626466596, "type": "buy", "price": 2318.48997, "amount": 0.00108855}
{"tid": 2182288, "date": 1626467190, "type": "buy", "price": 2318.20896, "amount": 0.02464855}
{"tid": 2182289, "date": 1626467463, "type": "buy", "price": 2318.20845, "amount": 0.06154597}
{"tid": 2182290, "date": 1626467581, "type": "buy", "price": 2318.20824, "amount": 0.00431367}
{"tid": 2182291, "date": 1626467644, "type": "sell", "price": 2305.386, "amount": 0.00487603}
{"tid": 2182292, "date": 1626467938, "type": "buy", "price": 2318.20752, "amount": 0.2501933}
{"tid": 2182293, "date": 1626468004, "type": "buy", "price": 2318.20739, "amount": 0.00431367}
{"tid": 2182294, "date": 1626468061, "type": "buy", "price": 2318.18735, "amount": 0.01078428}
{"tid": 2182295, "date": 1626468090, "type": "sell", "price": 2305.39472, "amount": 0.0279064}
{"tid": 2182296, "date": 1626468342, "type": "buy", "price": 2317.46642, "amount": 0.05825327}
{"tid": 2182297, "date": 1626468674, "type": "sell", "price": 2305.39704, "amount": 0.40189854}
{"tid": 2182298, "date": 1626468904, "type": "buy", "price": 2315.72342, "amount": 0.01721708}
{"tid": 2182299, "date": 1626469083, "type": "sell", "price": 2305.39704, "amount": 0.06111515}
{"tid": 2182300, "date": 1626469327, "type": "sell", "price": 2305.39786, "amount": 0.01479623}
{"tid": 2182301, "date": 1626469411, "type": "sell", "price": 2305.39897, "amount": 0.73993926}
{"tid": 2182302, "date": 1626469987, "type": "sell", "price": 2305.49042, "amount": 0.05682946}
{"tid": 2182303, "date": 1626470084, "type": "buy", "price": 2318.34369, "amount": 0.47345757}
{"tid": 2182304, "date": 1626470084, "type": "buy", "price": 2318.34385, "amount": 1.426689}
{"tid": 2182305, "date": 1626470084, "type": "buy", "price": 2318.34392, "amount": 0.94626274}
{"tid": 2182306, "date": 1626470084, "type": "buy", "price": 2318.36444, "amount": 0.28082059}
{"tid": 2182307, "date": 1626470120, "type": "sell", "price": 2305.49036, "amount": 0.5579607}
{"tid": 2182308, "date": 1626470302, "type": "sell", "price": 2305.49036, "amount": 0.003}
{"tid": 2182309, "date": 1626470345, "type": "sell", "price": 2305.49036, "amount": 0.07534094}
{"tid": 2182310, "date": 1626470345, "type": "sell", "price": 2305.49035, "amount": 0.92065906}
{"tid": 2182311, "date": 1626470497, "type": "sell", "price": 2305.49035, "amount": 0.28821543}
{"tid": 2182312, "date": 1626470497, "type": "sell", "price": 2305.49035, "amount": 0.41922946}
{"tid": 2182313, "date": 1626470828, "type": "sell", "price": 2305.49035, "amount": 0.02079427}
{"tid": 2182314, "date": 1626470871, "type": "buy", "price": 2316.83446, "amount": 0.00222229}
{"tid": 2182315, "date": 1626470946, "type": "buy", "price": 2316.83429, "amount": 0.04316234}
{"tid": 2182316, "date": 1626471224, "type": "sell", "price": 2305.49036, "amount": 0.00223211}
{"tid": 2182317, "date": 1626471224, "type": "sell", "price": 2305.49035, "amount": 0.1494399}
{"tid": 2182318, "date": 1626471239, "type": "buy", "price": 2316.83345, "amount": 0.12948708}
{"tid": 2182319, "date": 1626471572, "type": "sell", "price": 2305.49023, "amount": 0.00157539}
{"tid": 2182320, "date": 1626471583, "type": "sell", "price": 2305.49023, "amount": 0.00157539}
{"tid": 2182321, "date": 1626472026, "type": "sell", "price": 2305.49052, "amount": 0.00434006}
{"tid": 2182322, "date": 1626472470, "type": "sell", "price": 2305.49068, "amount": 0.53208474}
{"tid": 2182323, "date": 1626472470, "type": "sell", "price": 2305.49, "amount": 0.26607772}
{"tid": 2182324, "date": 1626472603, "type": "buy", "price": 2316.82972, "amount": 0.21581214}
{"tid": 2182325, "date": 1626473270, "type": "sell", "price": 2305.4916, "amount": 0.00611149}
{"tid": 2182326, "date": 1626473387, "type": "buy", "price": 2316.82725, "amount": 0.24011285}
{"tid": 2182327, "date": 1626473452, "type": "buy", "price": 2316.82706, "amount": 0.04884189}
{"tid": 2182328, "date": 1626473777, "type": "buy", "price": 2316.82616, "amount": 0.27421953}
{"tid": 2182329, "date": 1626474162, "type": "sell", "price": 2305.51161, "amount": 0.00993}
{"tid": 2182330, "date": 1626474285, "type": "sell", "price": 2305.51539, "amount": 0.00596328}
{"tid": 2182331, "date": 1626474380, "type": "sell", "price": 2305.51684, "amount": 0.0092}
{"tid": 2182332, "date": 1626474467, "type": "sell", "price": 2305.51709, "amount": 0.0691}
{"tid": 2182333, "date": 1626474762, "type": "buy", "price": 2315.22224, "amount": 0.0199}
{"tid": 2182334, "date": 1626474874, "type": "sell", "price": 2305.51709, "amount": 0.4768088}
{"tid": 2182335, "date": 1626474874, "type": "sell", "price": 2305.51708, "amount": 0.24121724}
{"tid": 2182336, "date": 1626474874, "type": "sell", "price": 2305.49, "amount": 0.73392228}
{"tid": 2182337, "date": 1626474874, "type": "sell", "price": 2305.49, "amount": 0.02}
{"tid": 2182338, "date": 1626474874, "type": "sell", "price": 2305.49, "amount": 0.02168736}
{"tid": 2182339, "date": 1626474874, "type": "sell", "price": 2305.39, "amount": 0.001}
{"tid": 2182340, "date": 1626474874, "type": "sell", "price": 2305.39, "amount": 0.001}
{"tid": 2182341, "date": 1626474874, "type": "sell", "price": 2305.39, "amount": 0.001}
{"tid": 2182342, "date": 1626474874, "type": "sell", "price": 2305.39, "amount": 0.001}
{"tid": 2182343, "date": 1626474874, "type": "sell", "price": 2305, "amount": 0.01256432}
{"tid": 2182344, "date": 1626474943, "type": "sell", "price": 2305, "amount": 1.702e-05}
{"tid": 2182345, "date": 1626474943, "type": "sell", "price": 2304.18, "amount": 0.08430645}
{"tid": 2182346, "date": 1626474954, "type": "buy", "price": 2313.68938, "amount": 0.16467206}
{"tid": 2182347, "date": 1626474973, "type": "sell", "price": 2304.18001, "amount": 0.03484734}
{"tid": 2182348, "date": 1626475098, "type": "sell", "price": 2304.18001, "amount": 0.13042165}
{"tid": 2182349, "date": 1626475098, "type": "sell", "price": 2304.18, "amount": 1.91567835}
{"tid": 2182350, "date": 1626475105, "type": "sell", "price": 2304.18, "amount": 1.52e-05}
{"tid": 2182351, "date": 1626475227, "type": "sell", "price": 2300, "amount": 0.0217}
{"tid": 2182352, "date": 1626475593, "type": "sell", "price": 2300, "amount": 3.914e-05}
{"tid": 2182353, "date": 1626475593, "type": "sell", "price": 2295.59, "amount": 0.15357328}
{"tid": 2182354, "date": 1626475954, "type": "sell", "price": 2295.59006, "amount": 0.09453858}
{"tid": 2182355, "date": 1626476058, "type": "buy", "price": 2305.53024, "amount": 0.04337397}
{"tid": 2182356, "date": 1626476436, "type": "sell", "price": 2295.59, "amount": 0.0642}
{"tid": 2182357, "date": 1626476534, "type": "sell", "price": 2295.59, "amount": 3.564e-05}
{"tid": 2182358, "date": 1626476534, "type": "sell", "price": 2290.00024, "amount": 0.00096436}
{"tid": 2182359, "date": 1626476613, "type": "sell", "price": 2290.00142, "amount": 0.0426819}
{"tid": 2182360, "date": 1626476613, "type": "sell", "price": 2290.00124, "amount": 0.10532432}
{"tid": 2182361, "date": 1626476777, "type": "sell", "price": 2291.29126, "amount": 0.03699913}
{"tid": 2182362, "date": 1626477112, "type": "sell", "price": 2291.29019, "amount": 0.03050551}
{"tid": 2182363, "date": 1626477323, "type": "buy", "price": 2304.09733, "amount": 0.02170047}
{"tid": 2182364, "date": 1626477802, "type": "buy", "price": 2301.35387, "amount": 0.26071609}
{"tid": 2182365, "date": 1626478336, "type": "sell", "price": 2290.0009, "amount": 0.02182314}
{"tid": 2182366, "date": 1626478336, "type": "sell", "price": 2290, "amount": 0.5}
{"tid": 2182367, "date": 1626478336, "type": "sell", "price": 2290, "amount": 0.02995196}
{"tid": 2182368, "date": 1626478336, "type": "sell", "price": 2280.00001, "amount": 0.48400084}
{"tid": 2182369, "date": 1626478798, "type": "buy", "price": 2295.02425, "amount": 0.00435725}
{"tid": 2182370, "date": 1626478984, "type": "buy", "price": 2293.96319, "amount": 0.87145969}
{"tid": 2182371, "date": 1626479327, "type": "sell", "price": 2280.00002, "amount": 0.00438429}
{"tid": 2182372, "date": 1626479327, "type": "sell", "price": 2280, "amount": 0.00355263}
{"tid": 2182373, "date": 1626479327, "type": "sell", "price": 2280, "amount": 0.82525}
{"tid": 2182374, "date": 1626479327, "type": "sell", "price": 2280, "amount": 0.02192983}
{"tid": 2182375, "date": 1626479618, "type": "buy", "price": 2278.2178, "amount": 0.00438939}
{"tid": 2182376, "date": 1626480358, "type": "buy", "price": 2286.47202, "amount": 0.06925079}
{"tid": 2182377, "date": 1626481076, "type": "sell", "price": 2269.84043, "amount": 0.00440338}
{"tid": 2182378, "date": 1626481076, "type": "sell", "price": 2269.84042, "amount": 0.04524662}
{"tid": 2182379, "date": 1626481208, "type": "sell", "price": 2266.28031, "amount": 0.14280208}
{"tid": 2182380, "date": 1626481311, "type": "buy", "price": 2282.76647, "amount": 0.03473855}
{"tid": 2182381, "date": 1626482264, "type": "sell", "price": 2281.04808, "amount": 0.03511647}
{"tid": 2182382, "date": 1626482532, "type": "sell", "price": 2287.4028, "amount": 1.5045084}
{"tid": 2182383, "date": 1626482532, "type": "sell", "price": 2287.40274, "amount": 0.0346569}
{"tid": 2182384, "date": 1626482532, "type": "sell", "price": 2287.36252, "amount": 0.10736708}
{"tid": 2182385, "date": 1626482536, "type": "buy", "price": 2296.75169, "amount": 0.00870795}
{"tid": 2182386, "date": 1626482825, "type": "buy", "price": 2312.94091, "amount": 0.01080874}
{"tid": 2182387, "date": 1626482895, "type": "sell", "price": 2312.93, "amount": 0.22042}
{"tid": 2182388, "date": 1626482903, "type": "sell", "price": 2312.93, "amount": 0.151}
{"tid": 2182389, "date": 1626482906, "type": "sell", "price": 2312.93, "amount": 6.984e-05}
{"tid": 2182390, "date": 1626483063, "type": "buy", "price": 2312.90405, "amount": 0.00957716}
{"tid": 2182391, "date": 1626483090, "type": "sell", "price": 2312.9, "amount": 0.08224739}
{"tid": 2182392, "date": 1626483090, "type": "sell", "price": 2312.9, "amount": 0.11348955}
{"tid": 2182393, "date": 1626483090, "type": "sell", "price": 2290.84853, "amount": 0.02433306}
{"tid": 2182394, "date": 1626483664, "type": "buy", "price": 2312.89438, "amount": 0.17294347}
{"tid": 2182395, "date": 1626484316, "type": "sell", "price": 2312.88, "amount": 0.00356265}
{"tid": 2182396, "date": 1626484339, "type": "sell", "price": 2293.4009, "amount": 0.00416911}
{"tid": 2182397, "date": 1626484662, "type": "buy", "price": 2311.90798, "amount": 0.00865086}
{"tid": 2182398, "date": 1626484727, "type": "buy", "price": 2311.90658, "amount": 0.01418685}
{"tid": 2182399, "date": 1626484751, "type": "buy", "price": 2311.82546, "amount": 0.00165664}
{"tid": 2182400, "date": 1626485676, "type": "buy", "price": 2306.88829, "amount": 0.00125442}
{"tid": 2182401, "date": 1626485896, "type": "buy", "price": 2301, "amount": 0.001}
{"tid": 2182402, "date": 1626485975, "type": "sell", "price": 2295, "amount": 0.00100217}
{"tid": 2182403, "date": 1626486479, "type": "sell", "price": 2270.95, "amount": 0.02103822}
{"tid": 2182404, "date": 1626486975, "type": "buy", "price": 2285.77033, "amount": 0.00874978}
{"tid": 2182405, "date": 1626487031, "type": "sell", "price": 2270.95137, "amount": 0.01760496}
{"tid": 2182406, "date": 1626487031, "type": "sell", "price": 2270.95001, "amount": 0.01032126}
{"tid": 2182407, "date": 1626487031, "type": "sell", "price": 2270.95, "amount": 0.04403443}
{"tid": 2182408, "date": 1626487031, "type": "sell", "price": 2270.95, "amount": 1.26243935}
{"tid": 2182409, "date": 1626487041, "type": "sell", "price": 2270.95, "amount": 3.67e-05}
