{"tid": 4187032, "date": 1626318033, "type": "buy", "price": 3.18011, "amount": 1}
{"tid": 4187033, "date": 1626318095, "type": "sell", "price": 3.1801, "amount": 100.07079799}
{"tid": 4187034, "date": 1626318103, "type": "buy", "price": 3.18011, "amount": 179.330999}
{"tid": 4187035, "date": 1626318110, "type": "sell", "price": 3.1805, "amount": 102.77257327}
{"tid": 4187036, "date": 1626318192, "type": "buy", "price": 3.18053, "amount": 6.28826013}
{"tid": 4187037, "date": 1626318337, "type": "sell", "price": 3.1805, "amount": 217.89642773}
{"tid": 4187038, "date": 1626318337, "type": "sell", "price": 3.1801, "amount": 260.59120058}
{"tid": 4187039, "date": 1626318337, "type": "sell", "price": 3.18, "amount": 330.80452147}
{"tid": 4187040, "date": 1626318337, "type": "sell", "price": 3.18, "amount": 87.20660728}
{"tid": 4187041, "date": 1626318447, "type": "buy", "price": 3.18001, "amount": 15.72636564}
{"tid": 4187042, "date": 1626318459, "type": "buy", "price": 3.18001, "amount": 11.28977364}
{"tid": 4187043, "date": 1626318487, "type": "buy", "price": 3.18001, "amount": 60.5}
{"tid": 4187044, "date": 1626318505, "type": "buy", "price": 3.18001, "amount": 34.896696}
{"tid": 4187045, "date": 1626318508, "type": "buy", "price": 3.19655, "amount": 26.39720949}
{"tid": 4187046, "date": 1626318599, "type": "buy", "price": 3.18013, "amount": 100.5}
{"tid": 4187047, "date": 1626318618, "type": "buy", "price": 3.18011, "amount": 100}
{"tid": 4187048, "date": 1626318648, "type": "sell", "price": 3.18012, "amount": 50.87415947}
{"tid": 4187049, "date": 1626318656, "type": "buy", "price": 3.18013, "amount": 101}
{"tid": 4187050, "date": 1626318660, "type": "sell", "price": 3.18012, "amount": 498.86}
{"tid": 4187051, "date": 1626318663, "type": "sell", "price": 3.18012, "amount": 509.53}
{"tid": 4187052, "date": 1626318667, "type": "sell", "price": 3.18012, "amount": 408.83342867}
{"tid": 4187053, "date": 1626318667, "type": "sell", "price": 3.1801, "amount": 313.03657133}
{"tid": 4187054, "date": 1626318671, "type": "sell", "price": 3.1801, "amount": 363.43}
{"tid": 4187055, "date": 1626318674, "type": "sell", "price": 3.1801, "amount": 288.63673267}
{"tid": 4187056, "date": 1626318674, "type": "sell", "price": 3.18, "amount": 52.41326733}
{"tid": 4187057, "date": 1626318679, "type": "sell", "price": 3.18, "amount": 16.91}
{"tid": 4187058, "date": 1626318683, "type": "buy", "price": 3.18962, "amount": 65.20202}
{"tid": 4187059, "date": 1626318683, "type": "buy", "price": 3.18983, "amount": 169.92452041}
{"tid": 4187060, "date": 1626318687, "type": "sell", "price": 3.1805, "amount": 1}
{"tid": 4187061, "date": 1626318687, "type": "sell", "price": 3.18002, "amount": 88.15}
{"tid": 4187062, "date": 1626318719, "type": "buy", "price": 3.18003, "amount": 49.574263}
{"tid": 4187063, "date": 1626318719, "type": "buy", "price": 3.1898, "amount": 13.2774332}
{"tid": 4187064, "date": 1626318730, "type": "buy", "price": 3.18003, "amount": 35.53425596}
{"tid": 4187065, "date": 1626318740, "type": "buy", "price": 3.18003, "amount": 41.123791}
{"tid": 4187066, "date": 1626318892, "type": "buy", "price": 3.18013, "amount": 3.14452553}
{"tid": 4187067, "date": 1626318959, "type": "buy", "price": 3.18013, "amount": 1}
{"tid": 4187068, "date": 1626319109, "type": "buy", "price": 3.18013, "amount": 6.28905107}
{"tid": 4187069, "date": 1626319139, "type": "buy", "price": 3.18051, "amount": 1}
{"tid": 4187070, "date": 1626319179, "type": "buy", "price": 3.18023, "amount": 0.99999999}
{"tid": 4187071, "date": 1626319213, "type": "buy", "price": 3.18013, "amount": 1}
{"tid": 4187072, "date": 1626319255, "type": "sell", "price": 3.1801, "amount": 958.876209}
{"tid": 4187073, "date": 1626319288, "type": "sell", "price": 3.18, "amount": 0.47012539}
{"tid": 4187074, "date": 1626319288, "type": "sell", "price": 3.18, "amount": 5}
{"tid": 4187075, "date": 1626319288, "type": "sell", "price": 3.18, "amount": 1.43081761}
{"tid": 4187076, "date": 1626319288, "type": "sell", "price": 3.18, "amount": 10}
{"tid": 4187077, "date": 1626319288, "type": "sell", "price": 3.18, "amount": 300}
{"tid": 4187078, "date": 1626319288, "type": "sell", "price": 3.18, "amount": 5.77987421}
{"tid": 4187079, "date": 1626319288, "type": "sell", "price": 3.18, "amount": 0.15094339}
{"tid": 4187080, "date": 1626319288, "type": "sell", "price": 3.18, "amount": 7.21698113}
{"tid": 4187081, "date": 1626319288, "type": "sell", "price": 3.18, "amount": 16}
{"tid": 4187082, "date": 1626319288, "type": "sell", "price": 3.18, "amount": 1.30188679}
{"tid": 4187083, "date": 1626319288, "type": "sell", "price": 3.18, "amount": 6.1572327}
{"tid": 4187084, "date": 1626319288, "type": "sell", "price": 3.18, "amount": 0.1}
{"tid": 4187085, "date": 1626319288, "type": "sell", "price": 3.172, "amount": 278.61291787}
{"tid": 4187086, "date": 1626319310, "type": "buy", "price": 3.18001, "amount": 3.14464419}
{"tid": 4187087, "date": 1626319316, "type": "buy", "price": 3.18001, "amount": 14.97846881}
{"tid": 4187088, "date": 1626319316, "type": "buy", "price": 3.18908, "amount": 0.74263405}
{"tid": 4187089, "date": 1626319367, "type": "sell", "price": 3.17207, "amount": 21}
{"tid": 4187090, "date": 1626319415, "type": "sell", "price": 3.17207, "amount": 1.98605578}
{"tid": 4187091, "date": 1626319422, "type": "buy", "price": 3.17208, "amount": 9.45751683}
{"tid": 4187092, "date": 1626319484, "type": "sell", "price": 3.17207, "amount": 73.53049335}
{"tid": 4187093, "date": 1626319484, "type": "sell", "price": 3.172, "amount": 221.38708213}
{"tid": 4187094, "date": 1626319484, "type": "sell", "price": 3.171, "amount": 691.43431354}
{"tid": 4187095, "date": 1626319502, "type": "sell", "price": 3.17107, "amount": 2}
{"tid": 4187096, "date": 1626319524, "type": "buy", "price": 3.17108, "amount": 15.54783484}
{"tid": 4187097, "date": 1626319561, "type": "sell", "price": 3.171, "amount": 308.56568646}
{"tid": 4187098, "date": 1626319561, "type": "sell", "price": 3.171, "amount": 20.21827655}
{"tid": 4187099, "date": 1626319579, "type": "sell", "price": 3.171, "amount": 1.59394985}
{"tid": 4187100, "date": 1626319729, "type": "sell", "price": 3.171, "amount": 2}
{"tid": 4187101, "date": 1626319793, "type": "buy", "price": 3.17101, "amount": 31.53569367}
{"tid": 4187102, "date": 1626319885, "type": "sell", "price": 3.171, "amount": 1}
{"tid": 4187103, "date": 1626319934, "type": "sell", "price": 3.171, "amount": 25.1877736}
{"tid": 4187104, "date": 1626319934, "type": "sell", "price": 3.1701, "amount": 25.40602051}
{"tid": 4187105, "date": 1626319950, "type": "sell", "price": 3.1701, "amount": 11.20625595}
{"tid": 4187106, "date": 1626319962, "type": "buy", "price": 3.17018, "amount": 21.06189553}
{"tid": 4187107, "date": 1626319975, "type": "sell", "price": 3.17017, "amount": 99.3}
{"tid": 4187108, "date": 1626320002, "type": "buy", "price": 3.17018, "amount": 220.83919525}
{"tid": 4187109, "date": 1626320020, "type": "sell", "price": 3.17017, "amount": 2547.1832475}
{"tid": 4187110, "date": 1626320041, "type": "buy", "price": 3.17018, "amount": 115.56757029}
{"tid": 4187111, "date": 1626320116, "type": "sell", "price": 3.17017, "amount": 12.35420965}
{"tid": 4187112, "date": 1626320124, "type": "buy", "price": 3.17018, "amount": 154.72307566}
{"tid": 4187113, "date": 1626320127, "type": "sell", "price": 3.17016, "amount": 161.78477204}
{"tid": 4187114, "date": 1626320180, "type": "sell", "price": 3.1701, "amount": 99.73}
{"tid": 4187115, "date": 1626320182, "type": "buy", "price": 3.17017, "amount": 230.27156272}
{"tid": 4187116, "date": 1626320201, "type": "buy", "price": 3.18316, "amount": 31.41532313}
{"tid": 4187117, "date": 1626320218, "type": "buy", "price": 3.17017, "amount": 24.58220037}
{"tid": 4187118, "date": 1626320311, "type": "buy", "price": 3.17011, "amount": 15.78494121}
{"tid": 4187119, "date": 1626320312, "type": "buy", "price": 3.17011, "amount": 144.62589626}
{"tid": 4187120, "date": 1626320453, "type": "buy", "price": 3.17011, "amount": 18.92678802}
{"tid": 4187121, "date": 1626320473, "type": "sell", "price": 3.17012, "amount": 4.70833596}
{"tid": 4187122, "date": 1626320473, "type": "sell", "price": 3.1701, "amount": 46.23700962}
{"tid": 4187123, "date": 1626320486, "type": "buy", "price": 3.17011, "amount": 63.08929343}
{"tid": 4187124, "date": 1626320495, "type": "buy", "price": 3.18076, "amount": 6.28780543}
{"tid": 4187125, "date": 1626320495, "type": "buy", "price": 3.18076, "amount": 3.14390271}
{"tid": 4187126, "date": 1626320515, "type": "buy", "price": 3.17023, "amount": 14.46267305}
{"tid": 4187127, "date": 1626320560, "type": "buy", "price": 3.17013, "amount": 3.26485033}
{"tid": 4187128, "date": 1626320572, "type": "sell", "price": 3.1701, "amount": 2.99878804}
{"tid": 4187129, "date": 1626320592, "type": "buy", "price": 3.17023, "amount": 0.7}
{"tid": 4187130, "date": 1626320636, "type": "buy", "price": 3.18039, "amount": 4.7164027}
{"tid": 4187131, "date": 1626320722, "type": "sell", "price": 3.1701, "amount": 39.47286049}
{"tid": 4187132, "date": 1626320823, "type": "sell", "price": 3.1701, "amount": 42}
{"tid": 4187133, "date": 1626320826, "type": "sell", "price": 3.1701, "amount": 88.13713772}
{"tid": 4187134, "date": 1626320854, "type": "sell", "price": 3.17012, "amount": 9.46039582}
{"tid": 4187135, "date": 1626320854, "type": "sell", "price": 3.1701, "amount": 490.53960418}
{"tid": 4187136, "date": 1626320860, "type": "sell", "price": 3.1701, "amount": 36.93703704}
{"tid": 4187137, "date": 1626320887, "type": "buy", "price": 3.17011, "amount": 16.76913419}
{"tid": 4187138, "date": 1626320924, "type": "buy", "price": 3.17011, "amount": 15.77232335}
{"tid": 4187139, "date": 1626320939, "type": "sell", "price": 3.17018, "amount": 46.83962265}
{"tid": 4187140, "date": 1626320944, "type": "sell", "price": 3.1701, "amount": 98}
{"tid": 4187141, "date": 1626320951, "type": "buy", "price": 3.17019, "amount": 2011.401054}
{"tid": 4187142, "date": 1626321005, "type": "buy", "price": 3.17024, "amount": 50}
{"tid": 4187143, "date": 1626321044, "type": "buy", "price": 3.17011, "amount": 100}
{"tid": 4187144, "date": 1626321072, "type": "buy", "price": 3.17011, "amount": 101}
{"tid": 4187145, "date": 1626321096, "type": "sell", "price": 3.1701, "amount": 2.99161263}
{"tid": 4187146, "date": 1626321105, "type": "buy", "price": 3.17011, "amount": 43.2603285}
{"tid": 4187147, "date": 1626321144, "type": "buy", "price": 3.17011, "amount": 102}
{"tid": 4187148, "date": 1626321165, "type": "buy", "price": 3.17011, "amount": 102}
{"tid": 4187149, "date": 1626321210, "type": "buy", "price": 3.17011, "amount": 47.31697007}
{"tid": 4187150, "date": 1626321303, "type": "buy", "price": 3.17011, "amount": 233.980957}
{"tid": 4187151, "date": 1626321376, "type": "buy", "price": 3.17011, "amount": 117.444678}
{"tid": 4187152, "date": 1626321437, "type": "buy", "price": 3.17011, "amount": 109.051935}
{"tid": 4187153, "date": 1626321460, "type": "buy", "price": 3.17051, "amount": 30.53136561}
{"tid": 4187154, "date": 1626321512, "type": "buy", "price": 3.17011, "amount": 41}
{"tid": 4187155, "date": 1626321529, "type": "buy", "price": 3.17011, "amount": 15.20136525}
{"tid": 4187156, "date": 1626321560, "type": "buy", "price": 3.17011, "amount": 15.77232335}
{"tid": 4187157, "date": 1626321575, "type": "buy", "price": 3.17011, "amount": 433.546843}
{"tid": 4187158, "date": 1626321575, "type": "buy", "price": 3.18517, "amount": 131.00048585}
{"tid": 4187159, "date": 1626321644, "type": "buy", "price": 3.17013, "amount": 65.794154}
{"tid": 4187160, "date": 1626321644, "type": "buy", "price": 3.1849, "amount": 122.02705848}
{"tid": 4187161, "date": 1626321705, "type": "sell", "price": 3.17012, "amount": 15.66191709}
{"tid": 4187162, "date": 1626321729, "type": "buy", "price": 3.1899, "amount": 25.01567398}
{"tid": 4187163, "date": 1626321742, "type": "sell", "price": 3.17012, "amount": 231.21730407}
{"tid": 4187164, "date": 1626321742, "type": "sell", "price": 3.1701, "amount": 123.10269593}
{"tid": 4187165, "date": 1626321745, "type": "sell", "price": 3.1701, "amount": 95.00117472}
{"tid": 4187166, "date": 1626321745, "type": "sell", "price": 3.17, "amount": 1}
{"tid": 4187167, "date": 1626321745, "type": "sell", "price": 3.17, "amount": 1.57728706}
{"tid": 4187168, "date": 1626321745, "type": "sell", "price": 3.17, "amount": 4.73186119}
{"tid": 4187169, "date": 1626321745, "type": "sell", "price": 3.17, "amount": 25.23343848}
{"tid": 4187170, "date": 1626321745, "type": "sell", "price": 3.17, "amount": 5.01261829}
{"tid": 4187171, "date": 1626321745, "type": "sell", "price": 3.17, "amount": 44.60362026}
{"tid": 4187172, "date": 1626321760, "type": "buy", "price": 3.17001, "amount": 31.54564181}
{"tid": 4187173, "date": 1626321840, "type": "sell", "price": 3.17, "amount": 96.10300434}
{"tid": 4187174, "date": 1626321840, "type": "sell", "price": 3.17, "amount": 19.11041009}
{"tid": 4187175, "date": 1626321840, "type": "sell", "price": 3.17, "amount": 1.58359621}
{"tid": 4187176, "date": 1626321840, "type": "sell", "price": 3.17, "amount": 0.50157728}
{"tid": 4187177, "date": 1626321840, "type": "sell", "price": 3.17, "amount": 20.18927444}
{"tid": 4187178, "date": 1626321840, "type": "sell", "price": 3.17, "amount": 1}
{"tid": 4187179, "date": 1626321840, "type": "sell", "price": 3.17, "amount": 38.67507886}
{"tid": 4187180, "date": 1626321840, "type": "sell", "price": 3.17, "amount": 17}
{"tid": 4187181, "date": 1626322030, "type": "buy", "price": 3.16011, "amount": 47.31861198}
{"tid": 4187182, "date": 1626322035, "type": "sell", "price": 3.16012, "amount": 6.29712162}
{"tid": 4187183, "date": 1626322035, "type": "sell", "price": 3.1601, "amount": 293.12945267}
{"tid": 4187184, "date": 1626322052, "type": "buy", "price": 3.16011, "amount": 15.82223403}
{"tid": 4187185, "date": 1626322111, "type": "buy", "price": 3.17767, "amount": 33.82037782}
{"tid": 4187186, "date": 1626322202, "type": "sell", "price": 3.1601, "amount": 17.9}
{"tid": 4187187, "date": 1626322212, "type": "buy", "price": 3.16011, "amount": 3.1644468}
{"tid": 4187188, "date": 1626322286, "type": "buy", "price": 3.16011, "amount": 54.58670742}
{"tid": 4187189, "date": 1626322302, "type": "buy", "price": 3.16011, "amount": 28.48002126}
{"tid": 4187190, "date": 1626322417, "type": "sell", "price": 3.1601, "amount": 15.19845229}
{"tid": 4187191, "date": 1626322741, "type": "buy", "price": 3.16027, "amount": 174.04302435}
{"tid": 4187192, "date": 1626322781, "type": "sell", "price": 3.1601, "amount": 30.92779345}
{"tid": 4187193, "date": 1626322928, "type": "buy", "price": 3.16011, "amount": 16.256175}
{"tid": 4187194, "date": 1626322928, "type": "buy", "price": 3.17496, "amount": 99.97565286}
{"tid": 4187195, "date": 1626323029, "type": "buy", "price": 3.17381, "amount": 5.83840872}
{"tid": 4187196, "date": 1626323106, "type": "sell", "price": 3.17, "amount": 142.47}
{"tid": 4187197, "date": 1626323110, "type": "sell", "price": 3.17, "amount": 71.23}
{"tid": 4187198, "date": 1626323113, "type": "sell", "price": 3.17, "amount": 35.62}
{"tid": 4187199, "date": 1626323115, "type": "sell", "price": 3.17, "amount": 17.81}
{"tid": 4187200, "date": 1626323196, "type": "sell", "price": 3.17, "amount": 17.80059936}
{"tid": 4187201, "date": 1626323196, "type": "sell", "price": 3.1601, "amount": 7.25690685}
{"tid": 4187202, "date": 1626323256, "type": "sell", "price": 3.16028, "amount": 299.55}
{"tid": 4187203, "date": 1626323281, "type": "buy", "price": 3.16027, "amount": 100.3988736}
{"tid": 4187204, "date": 1626323303, "type": "sell", "price": 3.1601, "amount": 4.34947439}
{"tid": 4187205, "date": 1626323345, "type": "buy", "price": 3.17892, "amount": 786.54700338}
{"tid": 4187206, "date": 1626323473, "type": "buy", "price": 3.17633, "amount": 3.14828748}
{"tid": 4187207, "date": 1626323777, "type": "buy", "price": 3.17001, "amount": 19.716088}
{"tid": 4187208, "date": 1626323777, "type": "buy", "price": 3.18305, "amount": 201.22203668}
{"tid": 4187209, "date": 1626323781, "type": "sell", "price": 3.17, "amount": 20.67}
{"tid": 4187210, "date": 1626323798, "type": "sell", "price": 3.17, "amount": 18.76217665}
{"tid": 4187211, "date": 1626323798, "type": "sell", "price": 3.17, "amount": 0.5}
{"tid": 4187212, "date": 1626323798, "type": "sell", "price": 3.17, "amount": 0.9}
{"tid": 4187213, "date": 1626323798, "type": "sell", "price": 3.17, "amount": 1}
{"tid": 4187214, "date": 1626323844, "type": "buy", "price": 3.16013, "amount": 595.114045}
{"tid": 4187215, "date": 1626323919, "type": "buy", "price": 3.16019, "amount": 410}
{"tid": 4187216, "date": 1626323959, "type": "buy", "price": 3.16011, "amount": 2}
{"tid": 4187217, "date": 1626323968, "type": "sell", "price": 3.1601, "amount": 0.73920668}
{"tid": 4187218, "date": 1626324048, "type": "buy", "price": 3.16011, "amount": 154.19399957}
{"tid": 4187219, "date": 1626324068, "type": "buy", "price": 3.16019, "amount": 300}
{"tid": 4187220, "date": 1626324113, "type": "buy", "price": 3.16019, "amount": 404}
{"tid": 4187221, "date": 1626324160, "type": "sell", "price": 3.16036, "amount": 14.64644976}
{"tid": 4187222, "date": 1626324173, "type": "buy", "price": 3.17917, "amount": 164.46116439}
{"tid": 4187223, "date": 1626324219, "type": "buy", "price": 3.16021, "amount": 302}
{"tid": 4187224, "date": 1626324269, "type": "buy", "price": 3.16013, "amount": 1}
{"tid": 4187225, "date": 1626324475, "type": "buy", "price": 3.17413, "amount": 831.99175837}
{"tid": 4187226, "date": 1626324510, "type": "sell", "price": 3.1601, "amount": 20.16676214}
{"tid": 4187227, "date": 1626324510, "type": "sell", "price": 3.1601, "amount": 337.06957729}
{"tid": 4187228, "date": 1626324560, "type": "buy", "price": 3.16013, "amount": 32.40617494}
{"tid": 4187229, "date": 1626324585, "type": "sell", "price": 3.16012, "amount": 56.88354502}
{"tid": 4187230, "date": 1626324691, "type": "buy", "price": 3.16017, "amount": 1}
{"tid": 4187231, "date": 1626324712, "type": "buy", "price": 3.17106, "amount": 34.23145572}
{"tid": 4187232, "date": 1626324758, "type": "sell", "price": 3.16017, "amount": 3692.5}
{"tid": 4187233, "date": 1626324758, "type": "sell", "price": 3.1601, "amount": 675.55660542}
{"tid": 4187234, "date": 1626324758, "type": "sell", "price": 3.16, "amount": 316.4556962}
{"tid": 4187235, "date": 1626324758, "type": "sell", "price": 3.16, "amount": 2}
{"tid": 4187236, "date": 1626324758, "type": "sell", "price": 3.16, "amount": 18.23734177}
{"tid": 4187237, "date": 1626324758, "type": "sell", "price": 3.16, "amount": 9.56012658}
{"tid": 4187238, "date": 1626324758, "type": "sell", "price": 3.16, "amount": 39.40822784}
{"tid": 4187239, "date": 1626324758, "type": "sell", "price": 3.16, "amount": 94.93670886}
{"tid": 4187240, "date": 1626324758, "type": "sell", "price": 3.16, "amount": 57.88291139}
{"tid": 4187241, "date": 1626324758, "type": "sell", "price": 3.16, "amount": 34.81012658}
{"tid": 4187242, "date": 1626324758, "type": "sell", "price": 3.16, "amount": 1005}
{"tid": 4187243, "date": 1626324758, "type": "sell", "price": 3.16, "amount": 222}
{"tid": 4187244, "date": 1626324758, "type": "sell", "price": 3.1538, "amount": 158.53890544}
{"tid": 4187245, "date": 1626324758, "type": "sell", "price": 3.1509, "amount": 412.58053254}
{"tid": 4187246, "date": 1626324758, "type": "sell", "price": 3.1501, "amount": 3}
{"tid": 4187247, "date": 1626324758, "type": "sell", "price": 3.15, "amount": 204.13056437}
{"tid": 4187248, "date": 1626324758, "type": "sell", "price": 3.15, "amount": 16}
{"tid": 4187249, "date": 1626324758, "type": "sell", "price": 3.15, "amount": 1650.65396825}
{"tid": 4187250, "date": 1626324758, "type": "sell", "price": 3.15, "amount": 6}
{"tid": 4187251, "date": 1626324758, "type": "sell", "price": 3.15, "amount": 2}
{"tid": 4187252, "date": 1626324758, "type": "sell", "price": 3.15, "amount": 317.46031746}
{"tid": 4187253, "date": 1626324758, "type": "sell", "price": 3.15, "amount": 27.65515383}
{"tid": 4187254, "date": 1626324762, "type": "buy", "price": 3.15035, "amount": 1530.77015635}
{"tid": 4187255, "date": 1626324767, "type": "buy", "price": 3.15011, "amount": 568.445808}
{"tid": 4187256, "date": 1626324771, "type": "buy", "price": 3.15027, "amount": 875.41669647}
{"tid": 4187257, "date": 1626324778, "type": "buy", "price": 3.17765, "amount": 18.88187811}
{"tid": 4187258, "date": 1626324792, "type": "buy", "price": 3.15101, "amount": 602.21252642}
{"tid": 4187259, "date": 1626324813, "type": "buy", "price": 3.15046, "amount": 13.11871917}
{"tid": 4187260, "date": 1626324828, "type": "buy", "price": 3.15056, "amount": 414.0738301}
{"tid": 4187261, "date": 1626324833, "type": "buy", "price": 3.15063, "amount": 207.044736}
{"tid": 4187262, "date": 1626324837, "type": "sell", "price": 3.15061, "amount": 690.059}
{"tid": 4187263, "date": 1626324837, "type": "buy", "price": 3.15062, "amount": 17.35531419}
{"tid": 4187264, "date": 1626324837, "type": "buy", "price": 3.15062, "amount": 284.78060508}
{"tid": 4187265, "date": 1626324841, "type": "sell", "price": 3.15072, "amount": 15}
{"tid": 4187266, "date": 1626324853, "type": "buy", "price": 3.15132, "amount": 131.11831951}
{"tid": 4187267, "date": 1626324859, "type": "buy", "price": 3.15082, "amount": 90.14223662}
{"tid": 4187268, "date": 1626324877, "type": "buy", "price": 3.15012, "amount": 30.984564}
{"tid": 4187269, "date": 1626324882, "type": "buy", "price": 3.15012, "amount": 52.2899623}
{"tid": 4187270, "date": 1626324886, "type": "buy", "price": 3.15012, "amount": 26.142429}
{"tid": 4187271, "date": 1626324901, "type": "buy", "price": 3.15104, "amount": 21.60944704}
{"tid": 4187272, "date": 1626324906, "type": "buy", "price": 3.15021, "amount": 21.02552934}
{"tid": 4187273, "date": 1626324914, "type": "buy", "price": 3.15039, "amount": 14.45438582}
{"tid": 4187274, "date": 1626324943, "type": "buy", "price": 3.15062, "amount": 7.73170045}
{"tid": 4187275, "date": 1626324972, "type": "sell", "price": 3.15059, "amount": 3}
{"tid": 4187276, "date": 1626325008, "type": "buy", "price": 3.15135, "amount": 5.84965849}
{"tid": 4187277, "date": 1626325104, "type": "buy", "price": 3.17127, "amount": 115.24089717}
{"tid": 4187278, "date": 1626325118, "type": "buy", "price": 3.17, "amount": 2}
{"tid": 4187279, "date": 1626325301, "type": "buy", "price": 3.15029, "amount": 371.19579719}
{"tid": 4187280, "date": 1626325458, "type": "buy", "price": 3.15041, "amount": 474.74138286}
{"tid": 4187281, "date": 1626325469, "type": "sell", "price": 3.15018, "amount": 39.27245312}
{"tid": 4187282, "date": 1626325483, "type": "buy", "price": 3.15019, "amount": 611.15678736}
{"tid": 4187283, "date": 1626325649, "type": "sell", "price": 3.15002, "amount": 4.985}
{"tid": 4187284, "date": 1626325706, "type": "buy", "price": 3.15003, "amount": 3.00949367}
{"tid": 4187285, "date": 1626325746, "type": "buy", "price": 3.15003, "amount": 638.14482079}
{"tid": 4187286, "date": 1626325870, "type": "sell", "price": 3.15002, "amount": 353.56364488}
{"tid": 4187287, "date": 1626326020, "type": "buy", "price": 3.15003, "amount": 59.172423}
{"tid": 4187288, "date": 1626326020, "type": "buy", "price": 3.16737, "amount": 92.20428695}
{"tid": 4187289, "date": 1626326348, "type": "buy", "price": 3.15003, "amount": 2.1}
{"tid": 4187290, "date": 1626326563, "type": "sell", "price": 3.15002, "amount": 92.84787398}
{"tid": 4187291, "date": 1626326563, "type": "sell", "price": 3.15, "amount": 2.34484617}
{"tid": 4187292, "date": 1626326563, "type": "sell", "price": 3.15, "amount": 16}
{"tid": 4187293, "date": 1626326563, "type": "sell", "price": 3.15, "amount": 208.59608297}
{"tid": 4187294, "date": 1626326751, "type": "buy", "price": 3.15006, "amount": 20.56925978}
{"tid": 4187295, "date": 1626326935, "type": "sell", "price": 3.15, "amount": 1.99698503}
{"tid": 4187296, "date": 1626327121, "type": "buy", "price": 3.15001, "amount": 30.29514192}
{"tid": 4187297, "date": 1626327237, "type": "buy", "price": 3.15983, "amount": 29.87502492}
{"tid": 4187298, "date": 1626327266, "type": "sell", "price": 3.15002, "amount": 29.9590574}
{"tid": 4187299, "date": 1626327266, "type": "sell", "price": 3.15, "amount": 107.406932}
{"tid": 4187300, "date": 1626327266, "type": "sell", "price": 3.15, "amount": 30}
{"tid": 4187301, "date": 1626327266, "type": "sell", "price": 3.15, "amount": 25.39682539}
{"tid": 4187302, "date": 1626327266, "type": "sell", "price": 3.15, "amount": 25.09841269}
{"tid": 4187303, "date": 1626327266, "type": "sell", "price": 3.15, "amount": 65.75238095}
{"tid": 4187304, "date": 1626327266, "type": "sell", "price": 3.15, "amount": 20}
{"tid": 4187305, "date": 1626327266, "type": "sell", "price": 3.15, "amount": 104.60889515}
{"tid": 4187306, "date": 1626327906, "type": "buy", "price": 3.15001, "amount": 846.271981}
{"tid": 4187307, "date": 1626327910, "type": "sell", "price": 3.16, "amount": 27.36}
{"tid": 4187308, "date": 1626327968, "type": "sell", "price": 3.16, "amount": 27.368019}
{"tid": 4187309, "date": 1626327968, "type": "sell", "price": 3.15, "amount": 6.50221596}
{"tid": 4187310, "date": 1626327968, "type": "sell", "price": 3.15, "amount": 5.81}
{"tid": 4187311, "date": 1626327968, "type": "sell", "price": 3.15, "amount": 31.74603174}
{"tid": 4187312, "date": 1626327968, "type": "sell", "price": 3.15, "amount": 42.33660614}
{"tid": 4187313, "date": 1626328017, "type": "sell", "price": 3.15, "amount": 20}
{"tid": 4187314, "date": 1626328026, "type": "buy", "price": 3.15001, "amount": 942.187252}
{"tid": 4187315, "date": 1626328026, "type": "buy", "price": 3.15968, "amount": 104.80641888}
{"tid": 4187316, "date": 1626328205, "type": "buy", "price": 3.15001, "amount": 6}
{"tid": 4187317, "date": 1626328249, "type": "buy", "price": 3.15001, "amount": 437.050745}
{"tid": 4187318, "date": 1626328249, "type": "buy", "price": 3.15884, "amount": 39.02881524}
{"tid": 4187319, "date": 1626328288, "type": "sell", "price": 3.15, "amount": 0.86991209}
{"tid": 4187320, "date": 1626328351, "type": "sell", "price": 3.15, "amount": 247.79348177}
{"tid": 4187321, "date": 1626328351, "type": "sell", "price": 3.15, "amount": 1}
{"tid": 4187322, "date": 1626328351, "type": "sell", "price": 3.15, "amount": 5}
{"tid": 4187323, "date": 1626328351, "type": "sell", "price": 3.15, "amount": 45.30290463}
{"tid": 4187324, "date": 1626328850, "type": "buy", "price": 3.15001, "amount": 158.72965482}
{"tid": 4187325, "date": 1626328908, "type": "buy", "price": 3.15776, "amount": 47.50202675}
{"tid": 4187326, "date": 1626329105, "type": "buy", "price": 3.15001, "amount": 31.74593096}
{"tid": 4187327, "date": 1626329249, "type": "buy", "price": 3.15001, "amount": 14.97455563}
{"tid": 4187328, "date": 1626329303, "type": "buy", "price": 3.15003, "amount": 44.552208}
{"tid": 4187329, "date": 1626329303, "type": "buy", "price": 3.16455, "amount": 55.98875297}
{"tid": 4187330, "date": 1626329491, "type": "buy", "price": 3.15001, "amount": 21.07612356}
{"tid": 4187331, "date": 1626329548, "type": "buy", "price": 3.15003, "amount": 95.314023}
{"tid": 4187332, "date": 1626329548, "type": "buy", "price": 3.15991, "amount": 63.21634734}
{"tid": 4187333, "date": 1626329615, "type": "buy", "price": 3.15001, "amount": 112.405691}
{"tid": 4187334, "date": 1626329649, "type": "buy", "price": 3.15065, "amount": 86.05427728}
{"tid": 4187335, "date": 1626329676, "type": "buy", "price": 3.15078, "amount": 84.55179781}
{"tid": 4187336, "date": 1626329679, "type": "buy", "price": 3.15078, "amount": 46.79661942}
{"tid": 4187337, "date": 1626329684, "type": "buy", "price": 3.15089, "amount": 25.89999212}
{"tid": 4187338, "date": 1626329699, "type": "buy", "price": 3.15081, "amount": 14.33704938}
{"tid": 4187339, "date": 1626329801, "type": "buy", "price": 3.15003, "amount": 63.49145881}
{"tid": 4187340, "date": 1626329858, "type": "sell", "price": 3.15008, "amount": 5.01284785}
{"tid": 4187341, "date": 1626329981, "type": "buy", "price": 3.15008, "amount": 27.27215009}
{"tid": 4187342, "date": 1626330010, "type": "buy", "price": 3.15001, "amount": 1484.96565986}
{"tid": 4187343, "date": 1626330010, "type": "buy", "price": 3.15003, "amount": 186.865157}
{"tid": 4187344, "date": 1626330059, "type": "sell", "price": 3.15009, "amount": 16.81052778}
{"tid": 4187345, "date": 1626330506, "type": "sell", "price": 3.15002, "amount": 1.70407931}
{"tid": 4187346, "date": 1626330609, "type": "buy", "price": 3.15003, "amount": 4.95868293}
{"tid": 4187347, "date": 1626330654, "type": "sell", "price": 3.15002, "amount": 253.13}
{"tid": 4187348, "date": 1626330941, "type": "buy", "price": 3.15003, "amount": 1}
{"tid": 4187349, "date": 1626330993, "type": "buy", "price": 3.15003, "amount": 6.34914588}
{"tid": 4187350, "date": 1626331517, "type": "buy", "price": 3.15001, "amount": 254.29125621}
{"tid": 4187351, "date": 1626331839, "type": "buy", "price": 3.15001, "amount": 82.82195929}
{"tid": 4187352, "date": 1626332099, "type": "buy", "price": 3.15001, "amount": 7.93648274}
{"tid": 4187353, "date": 1626332173, "type": "buy", "price": 3.15001, "amount": 932.20412826}
{"tid": 4187354, "date": 1626332173, "type": "buy", "price": 3.16569, "amount": 335.96077756}
{"tid": 4187355, "date": 1626332278, "type": "buy", "price": 3.15001, "amount": 23.80944822}
{"tid": 4187356, "date": 1626332420, "type": "sell", "price": 3.15, "amount": 73.28757156}
{"tid": 4187357, "date": 1626332420, "type": "sell", "price": 3.15, "amount": 952.38095238}
{"tid": 4187358, "date": 1626332420, "type": "sell", "price": 3.15, "amount": 1269.84126984}
{"tid": 4187359, "date": 1626332420, "type": "sell", "price": 3.15, "amount": 100}
{"tid": 4187360, "date": 1626332420, "type": "sell", "price": 3.15, "amount": 100}
{"tid": 4187361, "date": 1626332420, "type": "sell", "price": 3.15, "amount": 16.04444444}
{"tid": 4187362, "date": 1626332420, "type": "sell", "price": 3.15, "amount": 63.2031746}
{"tid": 4187363, "date": 1626332420, "type": "sell", "price": 3.15, "amount": 50}
{"tid": 4187364, "date": 1626332420, "type": "sell", "price": 3.15, "amount": 349.2063492}
{"tid": 4187365, "date": 1626332420, "type": "sell", "price": 3.15, "amount": 10}
{"tid": 4187366, "date": 1626332420, "type": "sell", "price": 3.15, "amount": 8.06349206}
{"tid": 4187367, "date": 1626332420, "type": "sell", "price": 3.15, "amount": 33.39682539}
{"tid": 4187368, "date": 1626332420, "type": "sell", "price": 3.15, "amount": 101.52380952}
{"tid": 4187369, "date": 1626332420, "type": "sell", "price": 3.15, "amount": 23.17460317}
{"tid": 4187370, "date": 1626332420, "type": "sell", "price": 3.15, "amount": 5.99990784}
{"tid": 4187371, "date": 1626332427, "type": "sell", "price": 3.15, "amount": 9.216e-05}
{"tid": 4187372, "date": 1626332427, "type": "sell", "price": 3.14902, "amount": 1332.95766301}
{"tid": 4187373, "date": 1626332427, "type": "sell", "price": 3.149, "amount": 1319.86662432}
{"tid": 4187374, "date": 1626332496, "type": "buy", "price": 3.14701, "amount": 95.32858173}
{"tid": 4187375, "date": 1626332533, "type": "sell", "price": 3.147, "amount": 15.5894}
{"tid": 4187376, "date": 1626332568, "type": "buy", "price": 3.14701, "amount": 67.05730201}
{"tid": 4187377, "date": 1626332642, "type": "buy", "price": 3.14701, "amount": 252.178369}
{"tid": 4187378, "date": 1626332642, "type": "buy", "price": 3.15657, "amount": 360.5439721}
{"tid": 4187379, "date": 1626332650, "type": "buy", "price": 3.14701, "amount": 3.17761939}
{"tid": 4187380, "date": 1626332682, "type": "buy", "price": 3.14701, "amount": 158.88096955}
{"tid": 4187381, "date": 1626332688, "type": "sell", "price": 3.147, "amount": 5.027e-05}
{"tid": 4187382, "date": 1626332688, "type": "sell", "price": 3.14002, "amount": 1.49744587}
{"tid": 4187383, "date": 1626332688, "type": "sell", "price": 3.14, "amount": 2}
{"tid": 4187384, "date": 1626332688, "type": "sell", "price": 3.14, "amount": 1}
{"tid": 4187385, "date": 1626332688, "type": "sell", "price": 3.14, "amount": 36.62996135}
{"tid": 4187386, "date": 1626332769, "type": "buy", "price": 3.14007, "amount": 159.23211902}
{"tid": 4187387, "date": 1626332943, "type": "buy", "price": 3.15259, "amount": 45.51495754}
{"tid": 4187388, "date": 1626333007, "type": "buy", "price": 3.14011, "amount": 238.50767752}
{"tid": 4187389, "date": 1626333021, "type": "buy", "price": 3.14007, "amount": 31.8464238}
{"tid": 4187390, "date": 1626333026, "type": "buy", "price": 3.14005, "amount": 82.0228}
{"tid": 4187391, "date": 1626333066, "type": "buy", "price": 3.14219, "amount": 127.70392943}
{"tid": 4187392, "date": 1626333078, "type": "buy", "price": 3.1408, "amount": 31.8390219}
{"tid": 4187393, "date": 1626333303, "type": "sell", "price": 3.14002, "amount": 304.21664236}
{"tid": 4187394, "date": 1626333446, "type": "sell", "price": 3.14016, "amount": 35.26253368}
{"tid": 4187395, "date": 1626333446, "type": "sell", "price": 3.14016, "amount": 304}
{"tid": 4187396, "date": 1626333584, "type": "buy", "price": 3.15332, "amount": 34.87118338}
{"tid": 4187397, "date": 1626333620, "type": "buy", "price": 3.14027, "amount": 230.99504415}
{"tid": 4187398, "date": 1626333620, "type": "buy", "price": 3.14027, "amount": 164.87814516}
{"tid": 4187399, "date": 1626333624, "type": "buy", "price": 3.14014, "amount": 158.94834859}
{"tid": 4187400, "date": 1626333716, "type": "buy", "price": 3.14121, "amount": 83.57334598}
{"tid": 4187401, "date": 1626333721, "type": "buy", "price": 3.14049, "amount": 57.4622542}
{"tid": 4187402, "date": 1626333736, "type": "sell", "price": 3.14022, "amount": 61.78726774}
{"tid": 4187403, "date": 1626333736, "type": "buy", "price": 3.1655, "amount": 252.72468804}
{"tid": 4187404, "date": 1626333761, "type": "buy", "price": 3.14012, "amount": 39.524523}
{"tid": 4187405, "date": 1626333792, "type": "buy", "price": 3.14012, "amount": 27.17889958}
{"tid": 4187406, "date": 1626333814, "type": "buy", "price": 3.14025, "amount": 1818.157523}
{"tid": 4187407, "date": 1626334048, "type": "buy", "price": 3.1573, "amount": 63.05283736}
{"tid": 4187408, "date": 1626334227, "type": "buy", "price": 3.15366, "amount": 47.56378303}
{"tid": 4187409, "date": 1626334336, "type": "buy", "price": 3.14007, "amount": 109.32875838}
{"tid": 4187410, "date": 1626334394, "type": "buy", "price": 3.14016, "amount": 75.24708068}
{"tid": 4187411, "date": 1626334404, "type": "sell", "price": 3.14, "amount": 11.14073928}
{"tid": 4187412, "date": 1626334404, "type": "sell", "price": 3.14, "amount": 37.86887227}
{"tid": 4187413, "date": 1626334445, "type": "buy", "price": 3.14001, "amount": 79.26240686}
{"tid": 4187414, "date": 1626334452, "type": "buy", "price": 3.16741, "amount": 315.71536365}
{"tid": 4187415, "date": 1626334558, "type": "buy", "price": 3.14021, "amount": 1526.72617186}
{"tid": 4187416, "date": 1626334558, "type": "buy", "price": 3.14023, "amount": 1800.75}
{"tid": 4187417, "date": 1626334573, "type": "sell", "price": 3.14027, "amount": 201.96839222}
{"tid": 4187418, "date": 1626334693, "type": "buy", "price": 3.14061, "amount": 217.26352523}
{"tid": 4187419, "date": 1626334724, "type": "buy", "price": 3.14063, "amount": 67.85899644}
{"tid": 4187420, "date": 1626334738, "type": "buy", "price": 3.14061, "amount": 501.96936263}
{"tid": 4187421, "date": 1626334792, "type": "buy", "price": 3.1585, "amount": 9.49817951}
{"tid": 4187422, "date": 1626334834, "type": "buy", "price": 3.1401, "amount": 955.23148442}
{"tid": 4187423, "date": 1626334920, "type": "buy", "price": 3.1401, "amount": 936.479577}
{"tid": 4187424, "date": 1626334920, "type": "buy", "price": 3.15571, "amount": 652.58229693}
{"tid": 4187425, "date": 1626334988, "type": "buy", "price": 3.14001, "amount": 855.59463827}
{"tid": 4187426, "date": 1626335042, "type": "sell", "price": 3.14, "amount": 67.38398347}
{"tid": 4187427, "date": 1626335114, "type": "sell", "price": 3.14, "amount": 586.94392837}
{"tid": 4187428, "date": 1626335192, "type": "buy", "price": 3.14009, "amount": 4.27694747}
{"tid": 4187429, "date": 1626335366, "type": "buy", "price": 3.14079, "amount": 7.95978081}
{"tid": 4187430, "date": 1626335469, "type": "buy", "price": 3.1402, "amount": 5.65569072}
{"tid": 4187431, "date": 1626335574, "type": "buy", "price": 3.14003, "amount": 4.77702442}
{"tid": 4187432, "date": 1626335616, "type": "buy", "price": 3.14983, "amount": 3.92084652}
{"tid": 4187433, "date": 1626335770, "type": "buy", "price": 3.1401, "amount": 47.76917932}
{"tid": 4187434, "date": 1626335789, "type": "sell", "price": 3.14, "amount": 249.95353715}
{"tid": 4187435, "date": 1626335885, "type": "buy", "price": 3.1402, "amount": 14.25103739}
{"tid": 4187436, "date": 1626336009, "type": "buy", "price": 3.15459, "amount": 1010.41559177}
{"tid": 4187437, "date": 1626336040, "type": "buy", "price": 3.14051, "amount": 201.52380952}
{"tid": 4187438, "date": 1626336056, "type": "buy", "price": 3.14013, "amount": 796.147916}
{"tid": 4187439, "date": 1626336079, "type": "sell", "price": 3.1405, "amount": 44.8643227}
{"tid": 4187440, "date": 1626336100, "type": "buy", "price": 3.14013, "amount": 1055.74271612}
{"tid": 4187441, "date": 1626336222, "type": "sell", "price": 3.14092, "amount": 14.15128013}
{"tid": 4187442, "date": 1626336231, "type": "buy", "price": 3.14101, "amount": 44.54299731}
{"tid": 4187443, "date": 1626336235, "type": "buy", "price": 3.14033, "amount": 640.475658}
{"tid": 4187444, "date": 1626336262, "type": "buy", "price": 3.14095, "amount": 536.14218016}
{"tid": 4187445, "date": 1626336262, "type": "buy", "price": 3.14095, "amount": 73.93898718}
{"tid": 4187446, "date": 1626336267, "type": "buy", "price": 3.1409, "amount": 36.972525}
{"tid": 4187447, "date": 1626336283, "type": "buy", "price": 3.14236, "amount": 41.00062175}
{"tid": 4187448, "date": 1626336318, "type": "buy", "price": 3.14143, "amount": 22.71531639}
{"tid": 4187449, "date": 1626336324, "type": "buy", "price": 3.14151, "amount": 129.998176}
{"tid": 4187450, "date": 1626336339, "type": "buy", "price": 3.14033, "amount": 12.58157148}
{"tid": 4187451, "date": 1626336390, "type": "buy", "price": 3.14054, "amount": 219.65960589}
{"tid": 4187452, "date": 1626336396, "type": "buy", "price": 3.14053, "amount": 109.837437}
{"tid": 4187453, "date": 1626336401, "type": "buy", "price": 3.14086, "amount": 116.69925281}
{"tid": 4187454, "date": 1626336417, "type": "buy", "price": 3.14121, "amount": 62.40990769}
{"tid": 4187455, "date": 1626336481, "type": "buy", "price": 3.16034, "amount": 94.59148482}
{"tid": 4187456, "date": 1626336658, "type": "buy", "price": 3.15725, "amount": 1582.27848101}
{"tid": 4187457, "date": 1626336704, "type": "buy", "price": 3.14073, "amount": 795.995821}
{"tid": 4187458, "date": 1626336704, "type": "buy", "price": 3.15755, "amount": 791.75058039}
{"tid": 4187459, "date": 1626336754, "type": "buy", "price": 3.15681, "amount": 94.86418877}
{"tid": 4187460, "date": 1626336835, "type": "buy", "price": 3.14087, "amount": 1881.25}
{"tid": 4187461, "date": 1626336974, "type": "sell", "price": 3.15002, "amount": 1587.29150608}
{"tid": 4187462, "date": 1626336974, "type": "sell", "price": 3.15, "amount": 1860.59450953}
{"tid": 4187463, "date": 1626336993, "type": "sell", "price": 3.15, "amount": 2041.3681}
{"tid": 4187464, "date": 1626337000, "type": "sell", "price": 3.15, "amount": 8.888e-05}
{"tid": 4187465, "date": 1626337130, "type": "sell", "price": 3.1407, "amount": 116.62183746}
{"tid": 4187466, "date": 1626337144, "type": "buy", "price": 3.14071, "amount": 5.45079365}
{"tid": 4187467, "date": 1626337196, "type": "buy", "price": 3.14071, "amount": 131.6033005}
{"tid": 4187468, "date": 1626337869, "type": "buy", "price": 3.14071, "amount": 450.392889}
{"tid": 4187469, "date": 1626337869, "type": "buy", "price": 3.151, "amount": 185.79706429}
{"tid": 4187470, "date": 1626338458, "type": "buy", "price": 3.14071, "amount": 443.189081}
{"tid": 4187471, "date": 1626338554, "type": "sell", "price": 3.1408, "amount": 191.810919}
{"tid": 4187472, "date": 1626338554, "type": "sell", "price": 3.1407, "amount": 524.71233396}
{"tid": 4187473, "date": 1626338577, "type": "sell", "price": 3.1407, "amount": 23.44147307}
{"tid": 4187474, "date": 1626338584, "type": "sell", "price": 3.1407, "amount": 289.02584513}
{"tid": 4187475, "date": 1626338770, "type": "buy", "price": 3.14071, "amount": 59.74763668}
{"tid": 4187476, "date": 1626338876, "type": "buy", "price": 3.14071, "amount": 19.10396056}
{"tid": 4187477, "date": 1626338885, "type": "buy", "price": 3.14071, "amount": 28.56360504}
{"tid": 4187478, "date": 1626339023, "type": "buy", "price": 3.14071, "amount": 24.599255}
{"tid": 4187479, "date": 1626339023, "type": "buy", "price": 3.15019, "amount": 47.40059292}
{"tid": 4187480, "date": 1626339064, "type": "buy", "price": 3.14965, "amount": 31.74955947}
{"tid": 4187481, "date": 1626339085, "type": "sell", "price": 3.1407, "amount": 49.19851038}
{"tid": 4187482, "date": 1626339085, "type": "sell", "price": 3.1407, "amount": 1.80148962}
{"tid": 4187483, "date": 1626339114, "type": "buy", "price": 3.14081, "amount": 72.14062614}
{"tid": 4187484, "date": 1626339166, "type": "sell", "price": 3.1407, "amount": 12.60612651}
{"tid": 4187485, "date": 1626339166, "type": "sell", "price": 3.1402, "amount": 44.79304921}
{"tid": 4187486, "date": 1626339226, "type": "buy", "price": 3.14029, "amount": 7.16175894}
{"tid": 4187487, "date": 1626339226, "type": "buy", "price": 3.14029, "amount": 214.30299172}
{"tid": 4187488, "date": 1626339315, "type": "buy", "price": 3.14021, "amount": 304.4382382}
{"tid": 4187489, "date": 1626339341, "type": "sell", "price": 3.15, "amount": 4.85396825}
{"tid": 4187490, "date": 1626339589, "type": "buy", "price": 3.14021, "amount": 284.774993}
{"tid": 4187491, "date": 1626339589, "type": "buy", "price": 3.15519, "amount": 171.48150166}
{"tid": 4187492, "date": 1626339631, "type": "sell", "price": 3.1402, "amount": 569.54998626}
{"tid": 4187493, "date": 1626339653, "type": "sell", "price": 3.14, "amount": 968.67770421}
{"tid": 4187494, "date": 1626339653, "type": "sell", "price": 3.14, "amount": 318}
{"tid": 4187495, "date": 1626339653, "type": "sell", "price": 3.14, "amount": 501.43312101}
{"tid": 4187496, "date": 1626339653, "type": "sell", "price": 3.14, "amount": 86.55732484}
{"tid": 4187497, "date": 1626339653, "type": "sell", "price": 3.14, "amount": 47.77070063}
{"tid": 4187498, "date": 1626339653, "type": "sell", "price": 3.14, "amount": 0.92356687}
{"tid": 4187499, "date": 1626339653, "type": "sell", "price": 3.14, "amount": 1}
{"tid": 4187500, "date": 1626339653, "type": "sell", "price": 3.14, "amount": 10}
{"tid": 4187501, "date": 1626339653, "type": "sell", "price": 3.14, "amount": 3.18471337}
{"tid": 4187502, "date": 1626339653, "type": "sell", "price": 3.14, "amount": 10}
{"tid": 4187503, "date": 1626339653, "type": "sell", "price": 3.14, "amount": 20}
{"tid": 4187504, "date": 1626339653, "type": "sell", "price": 3.14, "amount": 0.60828025}
{"tid": 4187505, "date": 1626339653, "type": "sell", "price": 3.14, "amount": 5}
{"tid": 4187506, "date": 1626339653, "type": "sell", "price": 3.14, "amount": 14.61146496}
{"tid": 4187507, "date": 1626339653, "type": "sell", "price": 3.14, "amount": 2}
{"tid": 4187508, "date": 1626339653, "type": "sell", "price": 3.14, "amount": 9.5955414}
{"tid": 4187509, "date": 1626339653, "type": "sell", "price": 3.14, "amount": 10}
{"tid": 4187510, "date": 1626339653, "type": "sell", "price": 3.14, "amount": 2000}
{"tid": 4187511, "date": 1626339653, "type": "sell", "price": 3.14, "amount": 15}
{"tid": 4187512, "date": 1626339653, "type": "sell", "price": 3.14, "amount": 191.37776115}
{"tid": 4187513, "date": 1626339681, "type": "sell", "price": 3.13504, "amount": 3790.5}
{"tid": 4187514, "date": 1626339696, "type": "buy", "price": 3.13501, "amount": 1018}
{"tid": 4187515, "date": 1626339696, "type": "buy", "price": 3.13504, "amount": 982}
{"tid": 4187516, "date": 1626339796, "type": "buy", "price": 3.13501, "amount": 18}
{"tid": 4187517, "date": 1626339796, "type": "buy", "price": 3.15333, "amount": 13.81708225}
{"tid": 4187518, "date": 1626339882, "type": "sell", "price": 3.135, "amount": 36}
{"tid": 4187519, "date": 1626339882, "type": "sell", "price": 3.13002, "amount": 117.29988422}
{"tid": 4187520, "date": 1626339938, "type": "sell", "price": 3.13013, "amount": 124.35396932}
{"tid": 4187521, "date": 1626339938, "type": "sell", "price": 3.13007, "amount": 20.56408103}
{"tid": 4187522, "date": 1626339976, "type": "sell", "price": 3.13, "amount": 45.37976082}
{"tid": 4187523, "date": 1626340018, "type": "sell", "price": 3.13002, "amount": 2.23994734}
{"tid": 4187524, "date": 1626340018, "type": "sell", "price": 3.13, "amount": 101.60006801}
{"tid": 4187525, "date": 1626340030, "type": "buy", "price": 3.13001, "amount": 61.759287}
{"tid": 4187526, "date": 1626340030, "type": "buy", "price": 3.14566, "amount": 294.25074995}
{"tid": 4187527, "date": 1626340057, "type": "buy", "price": 3.13001, "amount": 17.97118859}
{"tid": 4187528, "date": 1626340178, "type": "sell", "price": 3.13002, "amount": 13.777875}
{"tid": 4187529, "date": 1626340202, "type": "buy", "price": 3.14364, "amount": 6.20543806}
{"tid": 4187530, "date": 1626340390, "type": "buy", "price": 3.14, "amount": 1.02088024}
{"tid": 4187531, "date": 1626340521, "type": "buy", "price": 3.14245, "amount": 5.76938376}
{"tid": 4187532, "date": 1626340532, "type": "sell", "price": 3.13002, "amount": 15.51703123}
{"tid": 4187533, "date": 1626340669, "type": "buy", "price": 3.14991, "amount": 645.35494664}
{"tid": 4187534, "date": 1626340693, "type": "buy", "price": 3.1497, "amount": 31.4750238}
{"tid": 4187535, "date": 1626340748, "type": "buy", "price": 3.14894, "amount": 317.56718133}
{"tid": 4187536, "date": 1626340809, "type": "sell", "price": 3.1423, "amount": 30}
{"tid": 4187537, "date": 1626340809, "type": "sell", "price": 3.13063, "amount": 37.64106281}
{"tid": 4187538, "date": 1626340926, "type": "sell", "price": 3.13064, "amount": 7.12166779}
{"tid": 4187539, "date": 1626341019, "type": "sell", "price": 3.13191, "amount": 11}
{"tid": 4187540, "date": 1626341150, "type": "buy", "price": 3.14961, "amount": 12.22373563}
{"tid": 4187541, "date": 1626341195, "type": "buy", "price": 3.14945, "amount": 74.12087824}
{"tid": 4187542, "date": 1626341197, "type": "buy", "price": 3.14943, "amount": 619.03794253}
{"tid": 4187543, "date": 1626341261, "type": "buy", "price": 3.14954, "amount": 9.5252005}
{"tid": 4187544, "date": 1626341371, "type": "sell", "price": 3.14002, "amount": 1.35148889}
{"tid": 4187545, "date": 1626341434, "type": "sell", "price": 3.14, "amount": 95.54140127}
{"tid": 4187546, "date": 1626341434, "type": "sell", "price": 3.14, "amount": 1332.6910828}
{"tid": 4187547, "date": 1626341479, "type": "buy", "price": 3.13851, "amount": 4.77933796}
{"tid": 4187548, "date": 1626341490, "type": "buy", "price": 3.13851, "amount": 10.72929936}
{"tid": 4187549, "date": 1626341511, "type": "buy", "price": 3.13851, "amount": 4.77933796}
{"tid": 4187550, "date": 1626341527, "type": "buy", "price": 3.14, "amount": 6516.379932}
{"tid": 4187551, "date": 1626341604, "type": "buy", "price": 3.14929, "amount": 15.8765944}
{"tid": 4187552, "date": 1626341677, "type": "buy", "price": 3.14807, "amount": 31.7641827}
{"tid": 4187553, "date": 1626341717, "type": "buy", "price": 3.14777, "amount": 19.04126984}
{"tid": 4187554, "date": 1626341827, "type": "buy", "price": 3.14686, "amount": 91.7581335}
{"tid": 4187555, "date": 1626341829, "type": "sell", "price": 3.13852, "amount": 1.3031496}
{"tid": 4187556, "date": 1626341921, "type": "buy", "price": 3.14985, "amount": 158.83296029}
{"tid": 4187557, "date": 1626341942, "type": "sell", "price": 3.1386, "amount": 50}
{"tid": 4187558, "date": 1626341942, "type": "sell", "price": 3.13852, "amount": 429.65998757}
{"tid": 4187559, "date": 1626341989, "type": "buy", "price": 3.14895, "amount": 79.39154321}
{"tid": 4187560, "date": 1626342012, "type": "buy", "price": 3.14857, "amount": 158.89753126}
{"tid": 4187561, "date": 1626342059, "type": "buy", "price": 3.14791, "amount": 63.53421794}
{"tid": 4187562, "date": 1626342095, "type": "sell", "price": 3.13852, "amount": 725.94629147}
{"tid": 4187563, "date": 1626342095, "type": "sell", "price": 3.13852, "amount": 15.92629328}
{"tid": 4187564, "date": 1626342095, "type": "sell", "price": 3.13852, "amount": 1523.91883279}
{"tid": 4187565, "date": 1626342099, "type": "sell", "price": 3.13852, "amount": 0.993}
{"tid": 4187566, "date": 1626342166, "type": "buy", "price": 3.14641, "amount": 80.20569474}
{"tid": 4187567, "date": 1626342184, "type": "buy", "price": 3.14975, "amount": 60.09048337}
{"tid": 4187568, "date": 1626342238, "type": "sell", "price": 3.14002, "amount": 50}
{"tid": 4187569, "date": 1626342289, "type": "buy", "price": 3.14787, "amount": 433.02614148}
{"tid": 4187570, "date": 1626342315, "type": "sell", "price": 3.14002, "amount": 288.30316048}
{"tid": 4187571, "date": 1626342315, "type": "sell", "price": 3.14002, "amount": 191.69683952}
{"tid": 4187572, "date": 1626342367, "type": "sell", "price": 3.14002, "amount": 100.81365219}
{"tid": 4187573, "date": 1626342393, "type": "sell", "price": 3.14002, "amount": 16.08490149}
{"tid": 4187574, "date": 1626342444, "type": "buy", "price": 3.14929, "amount": 47.62978322}
{"tid": 4187575, "date": 1626342467, "type": "sell", "price": 3.14002, "amount": 123.29347583}
{"tid": 4187576, "date": 1626342467, "type": "sell", "price": 3.14002, "amount": 47.75606206}
{"tid": 4187577, "date": 1626342467, "type": "sell", "price": 3.14, "amount": 89.58598726}
{"tid": 4187578, "date": 1626342467, "type": "sell", "price": 3.14, "amount": 2.49681528}
{"tid": 4187579, "date": 1626342467, "type": "sell", "price": 3.14, "amount": 0.1}
{"tid": 4187580, "date": 1626342467, "type": "sell", "price": 3.14, "amount": 32.87261146}
{"tid": 4187581, "date": 1626342467, "type": "sell", "price": 3.1385, "amount": 84.09860425}
{"tid": 4187582, "date": 1626342521, "type": "buy", "price": 3.14845, "amount": 274.89081929}
{"tid": 4187583, "date": 1626342538, "type": "buy", "price": 3.14845, "amount": 28.26787784}
{"tid": 4187584, "date": 1626342590, "type": "buy", "price": 3.14763, "amount": 284.67132413}
{"tid": 4187585, "date": 1626342636, "type": "sell", "price": 3.13852, "amount": 174.5}
{"tid": 4187586, "date": 1626342644, "type": "sell", "price": 3.13852, "amount": 41.05346392}
{"tid": 4187587, "date": 1626342699, "type": "buy", "price": 3.14985, "amount": 10.47668936}
{"tid": 4187588, "date": 1626342735, "type": "buy", "price": 3.14918, "amount": 952.62893832}
{"tid": 4187589, "date": 1626342901, "type": "sell", "price": 3.14002, "amount": 384.21284259}
{"tid": 4187590, "date": 1626342901, "type": "sell", "price": 3.14, "amount": 5}
{"tid": 4187591, "date": 1626342901, "type": "sell", "price": 3.14, "amount": 133.09235668}
{"tid": 4187592, "date": 1626342901, "type": "sell", "price": 3.14, "amount": 474.40764331}
{"tid": 4187593, "date": 1626342901, "type": "sell", "price": 3.1385, "amount": 61.21626226}
{"tid": 4187594, "date": 1626342919, "type": "buy", "price": 3.14991, "amount": 31.7469388}
{"tid": 4187595, "date": 1626342997, "type": "sell", "price": 3.1385, "amount": 1000.4640491}
{"tid": 4187596, "date": 1626343032, "type": "buy", "price": 3.14862, "amount": 20.26265822}
{"tid": 4187597, "date": 1626343041, "type": "sell", "price": 3.14002, "amount": 20.31205852}
{"tid": 4187598, "date": 1626343041, "type": "sell", "price": 3.14, "amount": 12.04526574}
{"tid": 4187599, "date": 1626343049, "type": "buy", "price": 3.14862, "amount": 34.53258888}
{"tid": 4187600, "date": 1626343083, "type": "buy", "price": 3.14855, "amount": 63.52130345}
{"tid": 4187601, "date": 1626343120, "type": "buy", "price": 3.14848, "amount": 15.88067893}
{"tid": 4187602, "date": 1626343354, "type": "sell", "price": 3.14012, "amount": 20.74192604}
{"tid": 4187603, "date": 1626343507, "type": "sell", "price": 3.14012, "amount": 93.46464249}
{"tid": 4187604, "date": 1626343507, "type": "sell", "price": 3.1401, "amount": 208.28202401}
{"tid": 4187605, "date": 1626343581, "type": "buy", "price": 3.14771, "amount": 31.76912739}
{"tid": 4187606, "date": 1626343614, "type": "buy", "price": 3.14764, "amount": 16.99686114}
{"tid": 4187607, "date": 1626343614, "type": "buy", "price": 3.14764, "amount": 5.65458207}
{"tid": 4187608, "date": 1626343630, "type": "buy", "price": 3.14764, "amount": 615.11799316}
{"tid": 4187609, "date": 1626343638, "type": "buy", "price": 3.14764, "amount": 635.39667814}
{"tid": 4187610, "date": 1626343663, "type": "buy", "price": 3.14757, "amount": 0.63858177}
{"tid": 4187611, "date": 1626343670, "type": "buy", "price": 3.14757, "amount": 288.36901496}
{"tid": 4187612, "date": 1626343670, "type": "buy", "price": 3.14759, "amount": 209.82349657}
{"tid": 4187613, "date": 1626343836, "type": "buy", "price": 3.14999, "amount": 19.80006285}
{"tid": 4187614, "date": 1626343872, "type": "buy", "price": 3.15, "amount": 21.18197714}
{"tid": 4187615, "date": 1626343872, "type": "buy", "price": 3.1501, "amount": 10.56371924}
{"tid": 4187616, "date": 1626343880, "type": "buy", "price": 3.1501, "amount": 202.23915154}
{"tid": 4187617, "date": 1626343880, "type": "buy", "price": 3.16005, "amount": 1064.20039199}
{"tid": 4187618, "date": 1626343884, "type": "buy", "price": 3.15999, "amount": 97.41486523}
{"tid": 4187619, "date": 1626343946, "type": "buy", "price": 3.15864, "amount": 31.65919509}
{"tid": 4187620, "date": 1626343981, "type": "buy", "price": 3.15764, "amount": 3.61662507}
{"tid": 4187621, "date": 1626344090, "type": "buy", "price": 3.16001, "amount": 5.06327511}
{"tid": 4187622, "date": 1626344096, "type": "sell", "price": 3.15002, "amount": 11.65492958}
{"tid": 4187623, "date": 1626344100, "type": "buy", "price": 3.15992, "amount": 11.65143308}
{"tid": 4187624, "date": 1626344100, "type": "buy", "price": 3.15994, "amount": 20.82077621}
{"tid": 4187625, "date": 1626344105, "type": "buy", "price": 3.15991, "amount": 104.43335411}
{"tid": 4187626, "date": 1626344115, "type": "buy", "price": 3.15991, "amount": 9.49394128}
{"tid": 4187627, "date": 1626344121, "type": "buy", "price": 3.15986, "amount": 13.55063291}
{"tid": 4187628, "date": 1626344179, "type": "buy", "price": 3.15986, "amount": 25.17623363}
{"tid": 4187629, "date": 1626344233, "type": "buy", "price": 3.16058, "amount": 670.92651}
{"tid": 4187630, "date": 1626344233, "type": "buy", "price": 3.16411, "amount": 176.80582881}
{"tid": 4187631, "date": 1626344287, "type": "buy", "price": 3.16328, "amount": 22.24589666}
{"tid": 4187632, "date": 1626344345, "type": "buy", "price": 3.15003, "amount": 24.34}
{"tid": 4187633, "date": 1626344345, "type": "buy", "price": 3.16304, "amount": 7.37526866}
{"tid": 4187634, "date": 1626344383, "type": "sell", "price": 3.15002, "amount": 13.81254054}
{"tid": 4187635, "date": 1626344432, "type": "buy", "price": 3.16262, "amount": 21.72565784}
{"tid": 4187636, "date": 1626344438, "type": "buy", "price": 3.15001, "amount": 634.9186193}
{"tid": 4187637, "date": 1626344456, "type": "buy", "price": 3.15001, "amount": 86.984127}
{"tid": 4187638, "date": 1626344456, "type": "buy", "price": 3.16238, "amount": 8.22138076}
{"tid": 4187639, "date": 1626344524, "type": "buy", "price": 3.15001, "amount": 31.74593096}
{"tid": 4187640, "date": 1626344551, "type": "buy", "price": 3.16128, "amount": 300.51118534}
{"tid": 4187641, "date": 1626344578, "type": "sell", "price": 3.15, "amount": 173.96825396}
{"tid": 4187642, "date": 1626344578, "type": "sell", "price": 3.15, "amount": 20.76184604}
{"tid": 4187643, "date": 1626344591, "type": "sell", "price": 3.15, "amount": 5.872e-05}
{"tid": 4187644, "date": 1626344591, "type": "sell", "price": 3.1401, "amount": 1.82274972}
{"tid": 4187645, "date": 1626344591, "type": "sell", "price": 3.14002, "amount": 998.17719156}
{"tid": 4187646, "date": 1626344610, "type": "sell", "price": 3.14, "amount": 692.71906547}
{"tid": 4187647, "date": 1626344610, "type": "sell", "price": 3.14, "amount": 1.2345666}
{"tid": 4187648, "date": 1626344610, "type": "sell", "price": 3.14, "amount": 10.98600148}
{"tid": 4187649, "date": 1626344672, "type": "sell", "price": 3.14002, "amount": 588.59023509}
{"tid": 4187650, "date": 1626344672, "type": "sell", "price": 3.14, "amount": 147.97578195}
{"tid": 4187651, "date": 1626344672, "type": "sell", "price": 3.14, "amount": 1593.74203821}
{"tid": 4187652, "date": 1626344672, "type": "sell", "price": 3.14, "amount": 20}
{"tid": 4187653, "date": 1626344672, "type": "sell", "price": 3.14, "amount": 50}
{"tid": 4187654, "date": 1626344672, "type": "sell", "price": 3.14, "amount": 891.65604475}
{"tid": 4187655, "date": 1626344679, "type": "sell", "price": 3.14, "amount": 6.2e-06}
{"tid": 4187656, "date": 1626344686, "type": "sell", "price": 3.1385, "amount": 8412.9274}
{"tid": 4187657, "date": 1626344708, "type": "buy", "price": 3.13997, "amount": 69.19426751}
{"tid": 4187658, "date": 1626344759, "type": "buy", "price": 3.13851, "amount": 63.33635448}
{"tid": 4187659, "date": 1626344786, "type": "sell", "price": 3.1385, "amount": 7.279e-05}
{"tid": 4187660, "date": 1626344786, "type": "sell", "price": 3.1302, "amount": 49.20292633}
{"tid": 4187661, "date": 1626344786, "type": "sell", "price": 3.13002, "amount": 64.83527261}
{"tid": 4187662, "date": 1626344786, "type": "sell", "price": 3.13, "amount": 123.51857372}
{"tid": 4187663, "date": 1626344786, "type": "sell", "price": 3.13, "amount": 50}
{"tid": 4187664, "date": 1626344786, "type": "sell", "price": 3.13, "amount": 1}
{"tid": 4187665, "date": 1626344786, "type": "sell", "price": 3.13, "amount": 130}
{"tid": 4187666, "date": 1626344786, "type": "sell", "price": 3.13, "amount": 401.88498402}
{"tid": 4187667, "date": 1626344786, "type": "sell", "price": 3.13, "amount": 1}
{"tid": 4187668, "date": 1626344786, "type": "sell", "price": 3.13, "amount": 349.99997053}
{"tid": 4187669, "date": 1626344793, "type": "sell", "price": 3.13, "amount": 2.947e-05}
{"tid": 4187670, "date": 1626344836, "type": "buy", "price": 3.12121, "amount": 0.29074411}
{"tid": 4187671, "date": 1626344848, "type": "buy", "price": 3.12121, "amount": 64.07771345}
{"tid": 4187672, "date": 1626344857, "type": "buy", "price": 3.12121, "amount": 100}
{"tid": 4187673, "date": 1626344861, "type": "buy", "price": 3.12121, "amount": 74.5}
{"tid": 4187674, "date": 1626344861, "type": "buy", "price": 3.14246, "amount": 21.47039421}
{"tid": 4187675, "date": 1626344907, "type": "buy", "price": 3.12121, "amount": 1.72929936}
{"tid": 4187676, "date": 1626344911, "type": "sell", "price": 3.1212, "amount": 15.69956741}
{"tid": 4187677, "date": 1626344921, "type": "buy", "price": 3.12121, "amount": 72.77070064}
{"tid": 4187678, "date": 1626344974, "type": "buy", "price": 3.12141, "amount": 19.22208232}
{"tid": 4187679, "date": 1626344997, "type": "buy", "price": 3.12141, "amount": 3.20368038}
{"tid": 4187680, "date": 1626345016, "type": "buy", "price": 3.12141, "amount": 43.70140417}
{"tid": 4187681, "date": 1626345042, "type": "buy", "price": 3.12141, "amount": 113.61465}
{"tid": 4187682, "date": 1626345042, "type": "buy", "price": 3.13957, "amount": 587.71490852}
{"tid": 4187683, "date": 1626345080, "type": "sell", "price": 3.1214, "amount": 15.05316359}
{"tid": 4187684, "date": 1626345091, "type": "buy", "price": 3.12141, "amount": 113.61465}
{"tid": 4187685, "date": 1626345091, "type": "buy", "price": 3.12998, "amount": 851.10834425}
{"tid": 4187686, "date": 1626345101, "type": "sell", "price": 3.1214, "amount": 212.17613577}
{"tid": 4187687, "date": 1626345101, "type": "sell", "price": 3.1212, "amount": 133.30043259}
{"tid": 4187688, "date": 1626345101, "type": "sell", "price": 3.12, "amount": 2}
{"tid": 4187689, "date": 1626345101, "type": "sell", "price": 3.12, "amount": 1363.36858974}
{"tid": 4187690, "date": 1626345101, "type": "sell", "price": 3.12, "amount": 6.47115384}
{"tid": 4187691, "date": 1626345101, "type": "sell", "price": 3.12, "amount": 0.9775641}
{"tid": 4187692, "date": 1626345101, "type": "sell", "price": 3.12, "amount": 639.74358974}
{"tid": 4187693, "date": 1626345101, "type": "sell", "price": 3.12, "amount": 135.69551282}
{"tid": 4187694, "date": 1626345101, "type": "sell", "price": 3.12, "amount": 7.53731291}
{"tid": 4187695, "date": 1626345197, "type": "sell", "price": 3.12, "amount": 834.85058979}
{"tid": 4187696, "date": 1626345211, "type": "buy", "price": 3.12883, "amount": 19.17649728}
{"tid": 4187697, "date": 1626345221, "type": "buy", "price": 3.12883, "amount": 4.50956696}
{"tid": 4187698, "date": 1626345259, "type": "sell", "price": 3.12, "amount": 277.32043063}
{"tid": 4187699, "date": 1626345259, "type": "sell", "price": 3.12, "amount": 28.84615384}
{"tid": 4187700, "date": 1626345259, "type": "sell", "price": 3.12, "amount": 8.32307623}
{"tid": 4187701, "date": 1626345278, "type": "buy", "price": 3.12821, "amount": 4.79507449}
{"tid": 4187702, "date": 1626345301, "type": "buy", "price": 3.12003, "amount": 11.18258478}
{"tid": 4187703, "date": 1626345362, "type": "buy", "price": 3.12003, "amount": 160.25486934}
{"tid": 4187704, "date": 1626345420, "type": "sell", "price": 3.12002, "amount": 297}
{"tid": 4187705, "date": 1626345435, "type": "buy", "price": 3.12003, "amount": 16.02548693}
{"tid": 4187706, "date": 1626345444, "type": "sell", "price": 3.12, "amount": 2.45897505}
{"tid": 4187707, "date": 1626345444, "type": "sell", "price": 3.12, "amount": 160}
{"tid": 4187708, "date": 1626345444, "type": "sell", "price": 3.12, "amount": 1000}
{"tid": 4187709, "date": 1626345444, "type": "sell", "price": 3.12, "amount": 16.91346153}
{"tid": 4187710, "date": 1626345444, "type": "sell", "price": 3.12, "amount": 9.62939297}
{"tid": 4187711, "date": 1626345444, "type": "sell", "price": 3.12, "amount": 50}
{"tid": 4187712, "date": 1626345444, "type": "sell", "price": 3.12, "amount": 1.16666666}
{"tid": 4187713, "date": 1626345444, "type": "sell", "price": 3.12, "amount": 320.51282051}
{"tid": 4187714, "date": 1626345464, "type": "buy", "price": 3.11004, "amount": 226.99708042}
{"tid": 4187715, "date": 1626345486, "type": "sell", "price": 3.11, "amount": 1.36012861}
{"tid": 4187716, "date": 1626345486, "type": "sell", "price": 3.11, "amount": 17.3118971}
{"tid": 4187717, "date": 1626345486, "type": "sell", "price": 3.11, "amount": 1}
{"tid": 4187718, "date": 1626345486, "type": "sell", "price": 3.11, "amount": 251.48553054}
{"tid": 4187719, "date": 1626345486, "type": "sell", "price": 3.11, "amount": 96.4630225}
{"tid": 4187720, "date": 1626345486, "type": "sell", "price": 3.11, "amount": 300}
{"tid": 4187721, "date": 1626345486, "type": "sell", "price": 3.1099, "amount": 1261.24312678}
{"tid": 4187722, "date": 1626345486, "type": "sell", "price": 3.1023, "amount": 1346.80720755}
{"tid": 4187723, "date": 1626345486, "type": "sell", "price": 3.10011, "amount": 1447.45174151}
{"tid": 4187724, "date": 1626345502, "type": "buy", "price": 3.10979, "amount": 108.97106109}
{"tid": 4187725, "date": 1626345517, "type": "buy", "price": 3.11989, "amount": 16.02620605}
{"tid": 4187726, "date": 1626345546, "type": "buy", "price": 3.11, "amount": 1.23086291}
{"tid": 4187727, "date": 1626345612, "type": "buy", "price": 3.11654, "amount": 51.0674723}
{"tid": 4187728, "date": 1626345649, "type": "sell", "price": 3.10013, "amount": 1183.88846596}
{"tid": 4187729, "date": 1626345649, "type": "sell", "price": 3.10013, "amount": 109.2778206}
{"tid": 4187730, "date": 1626345649, "type": "sell", "price": 3.10013, "amount": 51.32238648}
{"tid": 4187731, "date": 1626345649, "type": "sell", "price": 3.1001, "amount": 0.76}
{"tid": 4187732, "date": 1626345649, "type": "sell", "price": 3.10001, "amount": 769.5702276}
{"tid": 4187733, "date": 1626345663, "type": "sell", "price": 3.10001, "amount": 4616.56748117}
{"tid": 4187734, "date": 1626345765, "type": "sell", "price": 3.1, "amount": 231.65513866}
{"tid": 4187735, "date": 1626345765, "type": "sell", "price": 3.1, "amount": 15}
{"tid": 4187736, "date": 1626345765, "type": "sell", "price": 3.1, "amount": 50}
{"tid": 4187737, "date": 1626345765, "type": "sell", "price": 3.1, "amount": 43.40645161}
{"tid": 4187738, "date": 1626345765, "type": "sell", "price": 3.1, "amount": 419.39297124}
{"tid": 4187739, "date": 1626345765, "type": "sell", "price": 3.1, "amount": 48}
{"tid": 4187740, "date": 1626345765, "type": "sell", "price": 3.1, "amount": 1}
{"tid": 4187741, "date": 1626345765, "type": "sell", "price": 3.1, "amount": 7}
{"tid": 4187742, "date": 1626345765, "type": "sell", "price": 3.1, "amount": 32}
{"tid": 4187743, "date": 1626345765, "type": "sell", "price": 3.1, "amount": 5}
{"tid": 4187744, "date": 1626345765, "type": "sell", "price": 3.1, "amount": 1}
{"tid": 4187745, "date": 1626345765, "type": "sell", "price": 3.1, "amount": 10}
{"tid": 4187746, "date": 1626345765, "type": "sell", "price": 3.1, "amount": 3.64950751}
{"tid": 4187747, "date": 1626345803, "type": "buy", "price": 3.11737, "amount": 67.5729862}
{"tid": 4187748, "date": 1626345831, "type": "buy", "price": 3.10994, "amount": 64.30992237}
{"tid": 4187749, "date": 1626345863, "type": "buy", "price": 3.1095, "amount": 80.79112397}
{"tid": 4187750, "date": 1626345870, "type": "sell", "price": 3.1, "amount": 4.41500861}
{"tid": 4187751, "date": 1626345870, "type": "sell", "price": 3.1, "amount": 15}
{"tid": 4187752, "date": 1626345870, "type": "sell", "price": 3.1, "amount": 15}
{"tid": 4187753, "date": 1626345870, "type": "sell", "price": 3.1, "amount": 15}
{"tid": 4187754, "date": 1626345870, "type": "sell", "price": 3.1, "amount": 20}
{"tid": 4187755, "date": 1626345870, "type": "sell", "price": 3.1, "amount": 29.88499139}
{"tid": 4187756, "date": 1626345881, "type": "buy", "price": 3.10001, "amount": 846.71903323}
{"tid": 4187757, "date": 1626345908, "type": "buy", "price": 3.10877, "amount": 5.06445115}
{"tid": 4187758, "date": 1626345915, "type": "sell", "price": 3.1, "amount": 3.80188248}
{"tid": 4187759, "date": 1626345972, "type": "buy", "price": 3.10793, "amount": 100.44694533}
{"tid": 4187760, "date": 1626345974, "type": "sell", "price": 3.10002, "amount": 100.67303436}
{"tid": 4187761, "date": 1626345974, "type": "sell", "price": 3.1, "amount": 16.31312613}
{"tid": 4187762, "date": 1626345974, "type": "sell", "price": 3.1, "amount": 11.99705157}
{"tid": 4187763, "date": 1626345996, "type": "sell", "price": 3.1, "amount": 1.82390452}
{"tid": 4187764, "date": 1626346010, "type": "sell", "price": 3.1, "amount": 24.57685513}
{"tid": 4187765, "date": 1626346016, "type": "sell", "price": 3.1, "amount": 38.49015223}
{"tid": 4187766, "date": 1626346021, "type": "sell", "price": 3.1, "amount": 108.3184}
{"tid": 4187767, "date": 1626346021, "type": "sell", "price": 3.1, "amount": 1.36792838}
{"tid": 4187768, "date": 1626346049, "type": "sell", "price": 3.1, "amount": 13.42570817}
{"tid": 4187769, "date": 1626346049, "type": "sell", "price": 3.1, "amount": 2}
{"tid": 4187770, "date": 1626346049, "type": "sell", "price": 3.1, "amount": 113.55750389}
{"tid": 4187771, "date": 1626346051, "type": "sell", "price": 3.1, "amount": 209.02314128}
{"tid": 4187772, "date": 1626346051, "type": "sell", "price": 3.1, "amount": 100}
{"tid": 4187773, "date": 1626346051, "type": "sell", "price": 3.1, "amount": 165}
{"tid": 4187774, "date": 1626346051, "type": "sell", "price": 3.1, "amount": 40.70967741}
{"tid": 4187775, "date": 1626346051, "type": "sell", "price": 3.1, "amount": 161.29032259}
{"tid": 4187776, "date": 1626346051, "type": "sell", "price": 3.1, "amount": 4.838709}
{"tid": 4187777, "date": 1626346051, "type": "sell", "price": 3.1, "amount": 55}
{"tid": 4187778, "date": 1626346051, "type": "sell", "price": 3.1, "amount": 5.48387096}
{"tid": 4187779, "date": 1626346051, "type": "sell", "price": 3.1, "amount": 13.70165707}
{"tid": 4187780, "date": 1626346065, "type": "buy", "price": 3.11806, "amount": 32.07122377}
{"tid": 4187781, "date": 1626346077, "type": "buy", "price": 3.1173, "amount": 348.81788727}
{"tid": 4187782, "date": 1626346084, "type": "buy", "price": 3.11687, "amount": 160.41734175}
{"tid": 4187783, "date": 1626346085, "type": "buy", "price": 3.11687, "amount": 160.41734175}
{"tid": 4187784, "date": 1626346105, "type": "sell", "price": 3.10002, "amount": 4.10378516}
{"tid": 4187785, "date": 1626346130, "type": "buy", "price": 3.11518, "amount": 440.95365275}
{"tid": 4187786, "date": 1626346143, "type": "buy", "price": 3.11502, "amount": 24.54558879}
{"tid": 4187787, "date": 1626346158, "type": "buy", "price": 3.11482, "amount": 7.66978509}
{"tid": 4187788, "date": 1626346185, "type": "sell", "price": 3.10002, "amount": 28.14432487}
{"tid": 4187789, "date": 1626346185, "type": "sell", "price": 3.1, "amount": 1.29834293}
{"tid": 4187790, "date": 1626346185, "type": "sell", "price": 3.1, "amount": 1576.1516129}
{"tid": 4187791, "date": 1626346185, "type": "sell", "price": 3.1, "amount": 161.29032258}
{"tid": 4187792, "date": 1626346185, "type": "sell", "price": 3.1, "amount": 300}
{"tid": 4187793, "date": 1626346185, "type": "sell", "price": 3.1, "amount": 22.58064517}
{"tid": 4187794, "date": 1626346185, "type": "sell", "price": 3.1, "amount": 151.08709677}
{"tid": 4187795, "date": 1626346185, "type": "sell", "price": 3.1, "amount": 3.25806451}
{"tid": 4187796, "date": 1626346185, "type": "sell", "price": 3.1, "amount": 1235.18959028}
{"tid": 4187797, "date": 1626346201, "type": "buy", "price": 3.1144, "amount": 321.08913434}
{"tid": 4187798, "date": 1626346212, "type": "buy", "price": 3.11001, "amount": 40.6397407}
{"tid": 4187799, "date": 1626346220, "type": "sell", "price": 3.11, "amount": 160.54983922}
{"tid": 4187800, "date": 1626346234, "type": "buy", "price": 3.10998, "amount": 257.23638094}
{"tid": 4187801, "date": 1626346251, "type": "buy", "price": 3.10998, "amount": 32.15454761}
{"tid": 4187802, "date": 1626346262, "type": "sell", "price": 3.10002, "amount": 11}
{"tid": 4187803, "date": 1626346270, "type": "sell", "price": 3.10002, "amount": 246.98542912}
{"tid": 4187804, "date": 1626346270, "type": "sell", "price": 3.10002, "amount": 32.24817581}
{"tid": 4187805, "date": 1626346270, "type": "sell", "price": 3.1, "amount": 370.43763999}
{"tid": 4187806, "date": 1626346271, "type": "buy", "price": 3.10991, "amount": 32.15527137}
{"tid": 4187807, "date": 1626346273, "type": "buy", "price": 3.10991, "amount": 3.21552713}
{"tid": 4187808, "date": 1626346301, "type": "buy", "price": 3.10984, "amount": 100}
{"tid": 4187809, "date": 1626346301, "type": "buy", "price": 3.10984, "amount": 271.70529673}
{"tid": 4187810, "date": 1626346311, "type": "sell", "price": 3.10002, "amount": 33.07212984}
{"tid": 4187811, "date": 1626346328, "type": "buy", "price": 3.10984, "amount": 1195.19587852}
{"tid": 4187812, "date": 1626346328, "type": "buy", "price": 3.10984, "amount": 33.0622082}
{"tid": 4187813, "date": 1626346328, "type": "buy", "price": 3.10986, "amount": 6968.66884083}
{"tid": 4187814, "date": 1626346328, "type": "buy", "price": 3.11, "amount": 507.4538601}
{"tid": 4187815, "date": 1626346330, "type": "buy", "price": 3.11001, "amount": 385.85084935}
{"tid": 4187816, "date": 1626346348, "type": "sell", "price": 3.11, "amount": 22.745}
{"tid": 4187817, "date": 1626346355, "type": "buy", "price": 3.11001, "amount": 90.03186484}
{"tid": 4187818, "date": 1626346392, "type": "sell", "price": 3.11, "amount": 146.0605}
{"tid": 4187819, "date": 1626346429, "type": "buy", "price": 3.11994, "amount": 194.51656121}
{"tid": 4187820, "date": 1626346432, "type": "buy", "price": 3.11003, "amount": 450.213288}
{"tid": 4187821, "date": 1626346432, "type": "buy", "price": 3.11999, "amount": 144.17455438}
{"tid": 4187822, "date": 1626346455, "type": "sell", "price": 3.11, "amount": 12.86865785}
{"tid": 4187823, "date": 1626346516, "type": "sell", "price": 3.11, "amount": 22.64249767}
{"tid": 4187824, "date": 1626346531, "type": "sell", "price": 3.11002, "amount": 350.60998721}
{"tid": 4187825, "date": 1626346543, "type": "buy", "price": 3.11001, "amount": 350.50480456}
{"tid": 4187826, "date": 1626346543, "type": "buy", "price": 3.11003, "amount": 90.042657}
{"tid": 4187827, "date": 1626346543, "type": "buy", "price": 3.11995, "amount": 559.45253844}
{"tid": 4187828, "date": 1626346547, "type": "sell", "price": 3.11002, "amount": 1110.42733881}
{"tid": 4187829, "date": 1626346578, "type": "sell", "price": 3.11002, "amount": 146.66937117}
{"tid": 4187830, "date": 1626346578, "type": "sell", "price": 3.11002, "amount": 1.54050808}
{"tid": 4187831, "date": 1626346601, "type": "sell", "price": 3.11002, "amount": 348.85801668}
{"tid": 4187832, "date": 1626346601, "type": "sell", "price": 3.11, "amount": 648.44198332}
{"tid": 4187833, "date": 1626346616, "type": "buy", "price": 3.11001, "amount": 12.97323288}
{"tid": 4187834, "date": 1626346725, "type": "buy", "price": 3.11001, "amount": 32.15423744}
{"tid": 4187835, "date": 1626346792, "type": "sell", "price": 3.11, "amount": 1891}
{"tid": 4187836, "date": 1626346802, "type": "sell", "price": 3.11, "amount": 24.69997179}
{"tid": 4187837, "date": 1626346833, "type": "buy", "price": 3.11742, "amount": 96.23342379}
{"tid": 4187838, "date": 1626346837, "type": "sell", "price": 3.11, "amount": 48.60880827}
{"tid": 4187839, "date": 1626346851, "type": "sell", "price": 3.11, "amount": 90.27272727}
{"tid": 4187840, "date": 1626346866, "type": "buy", "price": 3.11701, "amount": 3208.20273274}
{"tid": 4187841, "date": 1626346947, "type": "buy", "price": 3.11637, "amount": 19.25316955}
{"tid": 4187842, "date": 1626346949, "type": "buy", "price": 3.11631, "amount": 128.35693496}
{"tid": 4187843, "date": 1626346955, "type": "sell", "price": 3.11004, "amount": 8.31688322}
{"tid": 4187844, "date": 1626346959, "type": "sell", "price": 3.11004, "amount": 19.15145936}
{"tid": 4187845, "date": 1626347024, "type": "buy", "price": 3.11889, "amount": 11.47435897}
{"tid": 4187846, "date": 1626347069, "type": "buy", "price": 3.1105, "amount": 11.95141956}
{"tid": 4187847, "date": 1626347069, "type": "buy", "price": 3.11881, "amount": 308.71553876}
{"tid": 4187848, "date": 1626347092, "type": "sell", "price": 3.11012, "amount": 1231.89564875}
{"tid": 4187849, "date": 1626347108, "type": "sell", "price": 3.11055, "amount": 957.9699333}
{"tid": 4187850, "date": 1626347113, "type": "sell", "price": 3.11057, "amount": 309.44046589}
{"tid": 4187851, "date": 1626347113, "type": "sell", "price": 3.11055, "amount": 693.3588642}
{"tid": 4187852, "date": 1626347164, "type": "buy", "price": 3.11693, "amount": 5.05304899}
{"tid": 4187853, "date": 1626347178, "type": "buy", "price": 3.11667, "amount": 303.3205312}
{"tid": 4187854, "date": 1626347321, "type": "buy", "price": 3.11961, "amount": 32.05528896}
{"tid": 4187855, "date": 1626347325, "type": "buy", "price": 3.11961, "amount": 28.00991149}
{"tid": 4187856, "date": 1626347368, "type": "buy", "price": 3.11931, "amount": 44.29184659}
{"tid": 4187857, "date": 1626347378, "type": "buy", "price": 3.11931, "amount": 500}
{"tid": 4187858, "date": 1626347383, "type": "buy", "price": 3.11931, "amount": 16.02918594}
{"tid": 4187859, "date": 1626347384, "type": "buy", "price": 3.11931, "amount": 10}
{"tid": 4187860, "date": 1626347403, "type": "sell", "price": 3.11052, "amount": 17.37966812}
{"tid": 4187861, "date": 1626347406, "type": "buy", "price": 3.11898, "amount": 180.34742127}
{"tid": 4187862, "date": 1626347435, "type": "sell", "price": 3.1106, "amount": 1}
{"tid": 4187863, "date": 1626347435, "type": "sell", "price": 3.11052, "amount": 132.44240099}
{"tid": 4187864, "date": 1626347505, "type": "sell", "price": 3.1106, "amount": 1}
{"tid": 4187865, "date": 1626347505, "type": "sell", "price": 3.11052, "amount": 154.00699484}
{"tid": 4187866, "date": 1626347505, "type": "sell", "price": 3.11052, "amount": 44.40368491}
{"tid": 4187867, "date": 1626347505, "type": "sell", "price": 3.11052, "amount": 501.26252202}
{"tid": 4187868, "date": 1626347505, "type": "sell", "price": 3.11052, "amount": 16.06965716}
{"tid": 4187869, "date": 1626347505, "type": "sell", "price": 3.11052, "amount": 10.02524979}
{"tid": 4187870, "date": 1626347505, "type": "sell", "price": 3.11052, "amount": 180.78367604}
{"tid": 4187871, "date": 1626347505, "type": "sell", "price": 3.1105, "amount": 64.29834431}
{"tid": 4187872, "date": 1626347505, "type": "sell", "price": 3.1105, "amount": 10.00066666}
{"tid": 4187873, "date": 1626347505, "type": "sell", "price": 3.11, "amount": 387.48454702}
{"tid": 4187874, "date": 1626347509, "type": "sell", "price": 3.11, "amount": 8.99636413}
{"tid": 4187875, "date": 1626347565, "type": "buy", "price": 3.11682, "amount": 125.08903305}
{"tid": 4187876, "date": 1626347582, "type": "sell", "price": 3.1101, "amount": 1}
{"tid": 4187877, "date": 1626347582, "type": "sell", "price": 3.11, "amount": 23.48828607}
{"tid": 4187878, "date": 1626347636, "type": "buy", "price": 3.11914, "amount": 14.53605801}
{"tid": 4187879, "date": 1626347673, "type": "buy", "price": 3.11928, "amount": 820.45833333}
{"tid": 4187880, "date": 1626347788, "type": "buy", "price": 3.11726, "amount": 32.07945439}
{"tid": 4187881, "date": 1626347880, "type": "buy", "price": 3.11957, "amount": 32.05569998}
{"tid": 4187882, "date": 1626347923, "type": "buy", "price": 3.11866, "amount": 3.52715589}
{"tid": 4187883, "date": 1626347960, "type": "buy", "price": 3.1181, "amount": 4.81382893}
{"tid": 4187884, "date": 1626347977, "type": "sell", "price": 3.1102, "amount": 1}
{"tid": 4187885, "date": 1626347977, "type": "sell", "price": 3.1101, "amount": 1}
{"tid": 4187886, "date": 1626347977, "type": "sell", "price": 3.11, "amount": 43.38604888}
{"tid": 4187887, "date": 1626347977, "type": "buy", "price": 3.11786, "amount": 34.53877139}
{"tid": 4187888, "date": 1626347982, "type": "sell", "price": 3.11, "amount": 15.6132}
{"tid": 4187889, "date": 1626348047, "type": "sell", "price": 3.11002, "amount": 4.8248307}
{"tid": 4187890, "date": 1626348047, "type": "sell", "price": 3.11, "amount": 170.09236115}
{"tid": 4187891, "date": 1626348065, "type": "sell", "price": 3.11, "amount": 27.1095092}
{"tid": 4187892, "date": 1626348097, "type": "buy", "price": 3.11675, "amount": 8.0211759}
{"tid": 4187893, "date": 1626348149, "type": "buy", "price": 3.11935, "amount": 11.40447355}
{"tid": 4187894, "date": 1626348184, "type": "buy", "price": 3.11887, "amount": 7.25225225}
{"tid": 4187895, "date": 1626348200, "type": "buy", "price": 3.11849, "amount": 15.43892659}
{"tid": 4187896, "date": 1626348227, "type": "buy", "price": 3.11847, "amount": 962.01021654}
{"tid": 4187897, "date": 1626348254, "type": "buy", "price": 3.11808, "amount": 1618.39657738}
{"tid": 4187898, "date": 1626348262, "type": "buy", "price": 3.11806, "amount": 32.07122377}
{"tid": 4187899, "date": 1626348275, "type": "buy", "price": 3.11794, "amount": 43.52874012}
{"tid": 4187900, "date": 1626348320, "type": "buy", "price": 3.11706, "amount": 120.86389097}
{"tid": 4187901, "date": 1626348347, "type": "buy", "price": 3.11691, "amount": 160.41528308}
{"tid": 4187902, "date": 1626348355, "type": "sell", "price": 3.11002, "amount": 32.9997679}
{"tid": 4187903, "date": 1626348412, "type": "buy", "price": 3.11991, "amount": 9.91615142}
{"tid": 4187904, "date": 1626348505, "type": "buy", "price": 3.11822, "amount": 11.11210883}
{"tid": 4187905, "date": 1626348513, "type": "buy", "price": 3.11803, "amount": 8.01788308}
{"tid": 4187906, "date": 1626348520, "type": "buy", "price": 3.11791, "amount": 50}
{"tid": 4187907, "date": 1626348566, "type": "buy", "price": 3.11713, "amount": 21.69587109}
{"tid": 4187908, "date": 1626348601, "type": "buy", "price": 3.11651, "amount": 48.13076165}
{"tid": 4187909, "date": 1626348628, "type": "sell", "price": 3.11002, "amount": 40.67090015}
{"tid": 4187910, "date": 1626348652, "type": "buy", "price": 3.11952, "amount": 160.28106888}
{"tid": 4187911, "date": 1626348704, "type": "sell", "price": 3.11007, "amount": 22.21159551}
{"tid": 4187912, "date": 1626348731, "type": "buy", "price": 3.11896, "amount": 17.31346346}
{"tid": 4187913, "date": 1626348732, "type": "sell", "price": 3.11035, "amount": 48.38194425}
{"tid": 4187914, "date": 1626348759, "type": "sell", "price": 3.11035, "amount": 2.30309225}
{"tid": 4187915, "date": 1626348785, "type": "buy", "price": 3.11835, "amount": 4.32600574}
{"tid": 4187916, "date": 1626348795, "type": "buy", "price": 3.11814, "amount": 16.03520047}
{"tid": 4187917, "date": 1626348816, "type": "buy", "price": 3.11788, "amount": 6.73534581}
{"tid": 4187918, "date": 1626348899, "type": "sell", "price": 3.11036, "amount": 744.75}
{"tid": 4187919, "date": 1626348913, "type": "buy", "price": 3.11701, "amount": 11.35382947}
{"tid": 4187920, "date": 1626348916, "type": "buy", "price": 3.11693, "amount": 698.72414926}
{"tid": 4187921, "date": 1626348930, "type": "buy", "price": 3.11681, "amount": 31.7673716}
{"tid": 4187922, "date": 1626348954, "type": "sell", "price": 3.11054, "amount": 149.99443975}
{"tid": 4187923, "date": 1626348957, "type": "sell", "price": 3.11063, "amount": 0.32234205}
{"tid": 4187924, "date": 1626348970, "type": "buy", "price": 3.11994, "amount": 6.41037968}
{"tid": 4187925, "date": 1626349082, "type": "buy", "price": 3.1187, "amount": 556.14102008}
{"tid": 4187926, "date": 1626349082, "type": "buy", "price": 3.11872, "amount": 245.47346368}
{"tid": 4187927, "date": 1626349103, "type": "buy", "price": 3.12, "amount": 1}
{"tid": 4187928, "date": 1626349108, "type": "buy", "price": 3.11988, "amount": 40.06564355}
{"tid": 4187929, "date": 1626349208, "type": "sell", "price": 3.11037, "amount": 240.23998458}
{"tid": 4187930, "date": 1626349275, "type": "buy", "price": 3.11871, "amount": 134.67106592}
{"tid": 4187931, "date": 1626349370, "type": "buy", "price": 3.11062, "amount": 11.19551282}
{"tid": 4187932, "date": 1626349394, "type": "buy", "price": 3.11051, "amount": 240.16791298}
{"tid": 4187933, "date": 1626349418, "type": "sell", "price": 3.1106, "amount": 8.66122205}
{"tid": 4187934, "date": 1626349443, "type": "sell", "price": 3.11065, "amount": 61.23234599}
{"tid": 4187935, "date": 1626349448, "type": "buy", "price": 3.11066, "amount": 80.36517937}
{"tid": 4187936, "date": 1626349468, "type": "buy", "price": 3.11108, "amount": 32.14317857}
{"tid": 4187937, "date": 1626349479, "type": "buy", "price": 3.11073, "amount": 321.46795125}
{"tid": 4187938, "date": 1626349538, "type": "buy", "price": 3.11061, "amount": 51.43685643}
{"tid": 4187939, "date": 1626349577, "type": "sell", "price": 3.11067, "amount": 44.16114412}
{"tid": 4187940, "date": 1626349591, "type": "buy", "price": 3.11967, "amount": 12.82186897}
{"tid": 4187941, "date": 1626349593, "type": "buy", "price": 3.11967, "amount": 140.23919196}
{"tid": 4187942, "date": 1626349616, "type": "buy", "price": 3.11998, "amount": 9.65390803}
{"tid": 4187943, "date": 1626349620, "type": "buy", "price": 3.11998, "amount": 34.49398775}
{"tid": 4187944, "date": 1626349620, "type": "buy", "price": 3.12, "amount": 44.02487676}
{"tid": 4187945, "date": 1626349620, "type": "buy", "price": 3.12, "amount": 626.60956173}
{"tid": 4187946, "date": 1626349635, "type": "sell", "price": 3.11072, "amount": 39}
{"tid": 4187947, "date": 1626349638, "type": "buy", "price": 3.11113, "amount": 16.07133099}
{"tid": 4187948, "date": 1626349638, "type": "sell", "price": 3.11072, "amount": 41.9696026}
{"tid": 4187949, "date": 1626349654, "type": "sell", "price": 3.11077, "amount": 12.12914583}
{"tid": 4187950, "date": 1626349658, "type": "sell", "price": 3.11077, "amount": 40.25992015}
{"tid": 4187951, "date": 1626349682, "type": "buy", "price": 3.11078, "amount": 39.12889746}
{"tid": 4187952, "date": 1626349692, "type": "buy", "price": 3.11083, "amount": 90.40995489}
{"tid": 4187953, "date": 1626349739, "type": "buy", "price": 3.11083, "amount": 29.96055377}
{"tid": 4187954, "date": 1626349793, "type": "sell", "price": 3.11155, "amount": 9.09685937}
{"tid": 4187955, "date": 1626349822, "type": "buy", "price": 3.11991, "amount": 34.61638316}
{"tid": 4187956, "date": 1626349865, "type": "sell", "price": 3.11092, "amount": 128.2646891}
{"tid": 4187957, "date": 1626349878, "type": "buy", "price": 3.11093, "amount": 10.63347616}
{"tid": 4187958, "date": 1626349897, "type": "sell", "price": 3.1108, "amount": 4.365228}
{"tid": 4187959, "date": 1626349927, "type": "buy", "price": 3.11944, "amount": 320.57035878}
{"tid": 4187960, "date": 1626349997, "type": "sell", "price": 3.1108, "amount": 25.634772}
{"tid": 4187961, "date": 1626349997, "type": "sell", "price": 3.1107, "amount": 430.69084128}
{"tid": 4187962, "date": 1626349997, "type": "sell", "price": 3.1106, "amount": 72.65225119}
{"tid": 4187963, "date": 1626349997, "type": "sell", "price": 3.11, "amount": 163.79485312}
{"tid": 4187964, "date": 1626350009, "type": "sell", "price": 3.11002, "amount": 60.12107152}
{"tid": 4187965, "date": 1626350031, "type": "buy", "price": 3.11003, "amount": 8.03850766}
{"tid": 4187966, "date": 1626350118, "type": "buy", "price": 3.11003, "amount": 38.09649234}
{"tid": 4187967, "date": 1626350118, "type": "buy", "price": 3.11998, "amount": 19.11831676}
{"tid": 4187968, "date": 1626350131, "type": "buy", "price": 3.11001, "amount": 62.11234047}
{"tid": 4187969, "date": 1626350136, "type": "buy", "price": 3.11001, "amount": 2992.678108}
{"tid": 4187970, "date": 1626350136, "type": "buy", "price": 3.11989, "amount": 77.57465568}
{"tid": 4187971, "date": 1626350136, "type": "buy", "price": 3.12, "amount": 493.51178359}
{"tid": 4187972, "date": 1626350202, "type": "buy", "price": 3.11003, "amount": 64.30806133}
{"tid": 4187973, "date": 1626350298, "type": "buy", "price": 3.11011, "amount": 48.22980537}
{"tid": 4187974, "date": 1626350315, "type": "buy", "price": 3.11003, "amount": 159.44181859}
{"tid": 4187975, "date": 1626350367, "type": "sell", "price": 3.11002, "amount": 28.3714691}
{"tid": 4187976, "date": 1626350411, "type": "sell", "price": 3.11, "amount": 3.85587594}
{"tid": 4187977, "date": 1626350432, "type": "buy", "price": 3.11003, "amount": 36.71347221}
{"tid": 4187978, "date": 1626350438, "type": "sell", "price": 3.11, "amount": 12.84147371}
{"tid": 4187979, "date": 1626350513, "type": "buy", "price": 3.11001, "amount": 3.21542374}
{"tid": 4187980, "date": 1626350562, "type": "buy", "price": 3.11967, "amount": 19.54052832}
{"tid": 4187981, "date": 1626350624, "type": "sell", "price": 3.11005, "amount": 15.51504319}
{"tid": 4187982, "date": 1626350672, "type": "buy", "price": 3.11941, "amount": 28.36295777}
{"tid": 4187983, "date": 1626350672, "type": "buy", "price": 3.11943, "amount": 131.92291729}
{"tid": 4187984, "date": 1626350686, "type": "buy", "price": 3.12, "amount": 3.2051282}
{"tid": 4187985, "date": 1626350705, "type": "buy", "price": 3.12, "amount": 17.29166666}
{"tid": 4187986, "date": 1626350775, "type": "buy", "price": 3.11015, "amount": 6.72957895}
{"tid": 4187987, "date": 1626350778, "type": "buy", "price": 3.11988, "amount": 80.1312871}
{"tid": 4187988, "date": 1626350802, "type": "buy", "price": 3.11003, "amount": 96.462092}
{"tid": 4187989, "date": 1626350838, "type": "buy", "price": 3.11993, "amount": 525.74897513}
{"tid": 4187990, "date": 1626350884, "type": "buy", "price": 3.11003, "amount": 3.83585095}
{"tid": 4187991, "date": 1626350888, "type": "sell", "price": 3.11002, "amount": 500}
{"tid": 4187992, "date": 1626350890, "type": "sell", "price": 3.11002, "amount": 500}
{"tid": 4187993, "date": 1626350894, "type": "sell", "price": 3.11, "amount": 500}
{"tid": 4187994, "date": 1626350897, "type": "sell", "price": 3.11, "amount": 500}
{"tid": 4187995, "date": 1626350900, "type": "sell", "price": 3.11002, "amount": 500}
{"tid": 4187996, "date": 1626350904, "type": "sell", "price": 3.11, "amount": 500}
{"tid": 4187997, "date": 1626350906, "type": "sell", "price": 3.11, "amount": 500}
{"tid": 4187998, "date": 1626350906, "type": "sell", "price": 3.11, "amount": 100}
{"tid": 4187999, "date": 1626350910, "type": "sell", "price": 3.11002, "amount": 108.00670092}
{"tid": 4188000, "date": 1626350913, "type": "sell", "price": 3.11, "amount": 300}
{"tid": 4188001, "date": 1626350914, "type": "sell", "price": 3.11, "amount": 377.44934438}
{"tid": 4188002, "date": 1626350914, "type": "sell", "price": 3.11, "amount": 122.55065562}
{"tid": 4188003, "date": 1626350916, "type": "sell", "price": 3.11, "amount": 127.44934438}
{"tid": 4188004, "date": 1626350916, "type": "sell", "price": 3.11, "amount": 22.55}
{"tid": 4188005, "date": 1626350916, "type": "sell", "price": 3.11, "amount": 11.96141479}
{"tid": 4188006, "date": 1626350916, "type": "sell", "price": 3.11, "amount": 89.76205787}
{"tid": 4188007, "date": 1626350916, "type": "sell", "price": 3.11, "amount": 123.7883}
{"tid": 4188008, "date": 1626350916, "type": "sell", "price": 3.11, "amount": 124.48888296}
{"tid": 4188009, "date": 1626350919, "type": "sell", "price": 3.11, "amount": 500}
{"tid": 4188010, "date": 1626350924, "type": "sell", "price": 3.11, "amount": 375.51111704}
{"tid": 4188011, "date": 1626350924, "type": "sell", "price": 3.11, "amount": 124.48888296}
{"tid": 4188012, "date": 1626350928, "type": "sell", "price": 3.11, "amount": 118.39857684}
{"tid": 4188013, "date": 1626350928, "type": "sell", "price": 3.11, "amount": 3.24758842}
{"tid": 4188014, "date": 1626350928, "type": "sell", "price": 3.11, "amount": 5}
{"tid": 4188015, "date": 1626350928, "type": "sell", "price": 3.11, "amount": 12}
{"tid": 4188016, "date": 1626350928, "type": "sell", "price": 3.11, "amount": 100}
{"tid": 4188017, "date": 1626350928, "type": "sell", "price": 3.11, "amount": 64}
{"tid": 4188018, "date": 1626350928, "type": "sell", "price": 3.11, "amount": 16.07717041}
{"tid": 4188019, "date": 1626350928, "type": "sell", "price": 3.11, "amount": 2.25080385}
{"tid": 4188020, "date": 1626350928, "type": "sell", "price": 3.11, "amount": 179.02586048}
{"tid": 4188021, "date": 1626350933, "type": "sell", "price": 3.11, "amount": 20.97413952}
{"tid": 4188022, "date": 1626350933, "type": "sell", "price": 3.11, "amount": 0.48231511}
{"tid": 4188023, "date": 1626350933, "type": "sell", "price": 3.11, "amount": 16.07717041}
{"tid": 4188024, "date": 1626350933, "type": "sell", "price": 3.11, "amount": 0.43729903}
{"tid": 4188025, "date": 1626350933, "type": "sell", "price": 3.11, "amount": 462.02907593}
{"tid": 4188026, "date": 1626350937, "type": "buy", "price": 3.11001, "amount": 3.53696611}
{"tid": 4188027, "date": 1626350937, "type": "sell", "price": 3.11, "amount": 500}
{"tid": 4188028, "date": 1626350942, "type": "sell", "price": 3.11, "amount": 91.64616522}
{"tid": 4188029, "date": 1626350942, "type": "sell", "price": 3.11, "amount": 1.081}
{"tid": 4188030, "date": 1626350942, "type": "sell", "price": 3.11, "amount": 407.27283478}
{"tid": 4188031, "date": 1626350947, "type": "sell", "price": 3.11, "amount": 271.72716522}
